<!doctype html>
<html data-n-head-ssr lang="en" data-n-head="%7B%22lang%22:%7B%22ssr%22:%22en%22%7D%7D">
  <head >
    <meta data-n-head="ssr" charset="utf-8"><meta data-n-head="ssr" name="viewport" content="width=device-width, height=device-height, initial-scale=1.0, minimum-scale=1.0, maximum-scale=2.0"><meta data-n-head="ssr" data-hid="apple-mobile-web-app-title" name="apple-mobile-web-app-title" content="Eataly"><meta data-n-head="ssr" data-hid="charset" charset="utf-8"><meta data-n-head="ssr" data-hid="mobile-web-app-capable" name="mobile-web-app-capable" content="yes"><meta data-n-head="ssr" data-hid="og:type" name="og:type" property="og:type" content="website"><meta data-n-head="ssr" data-hid="og:site_name" property="og:site_name" content="Eataly"><meta data-n-head="ssr" data-hid="og:locale" property="og:locale" content="en_US"><meta data-n-head="ssr" data-hid="og:url" property="og:url" content="https://www.eataly.com/us_en"><meta data-n-head="ssr" data-hid="title" name="title" content="Eataly: authentic Italian products, restaurants, cooking classes"><meta data-n-head="ssr" data-hid="og:title" property="og:title" content="Eataly: authentic Italian products, restaurants, cooking classes"><meta data-n-head="ssr" data-hid="description" name="description" content="Stores, restaurants, made-in-Italy products, gift ideas, cooking classes and events. Buy quality Italian products online and have them delivered to your doorstep."><meta data-n-head="ssr" data-hid="og:description" property="og:description" content="Stores, restaurants, made-in-Italy products, gift ideas, cooking classes and events. Buy quality Italian products online and have them delivered to your doorstep."><meta data-n-head="ssr" data-hid="robots" name="robots" content="index,follow"><meta data-n-head="ssr" data-hid="og:image" property="og:image" content="https://www.eataly.com/images/logo_og.webp"><title>Eataly: authentic Italian products, restaurants, cooking classes | Eataly</title><link data-n-head="ssr" rel="icon" type="shortcut icon" href="/images/icon_32.png"><link data-n-head="ssr" rel="icon" type="apple-touch-icon" href="/images/icon_512.png" sizes="512x512"><link data-n-head="ssr" rel="stylesheet" type="text/css" href="https://fonts.googleapis.com/css?family=Roboto:100,300,400,500,700,900&amp;display=swap"><link data-n-head="ssr" rel="stylesheet" type="text/css" href="https://cdn.jsdelivr.net/npm/@fortawesome/fontawesome-free@latest/css/all.min.css"><link data-n-head="ssr" rel="manifest" href="/_nuxt/manifest.350e771a.json" data-hid="manifest"><link data-n-head="ssr" data-hid="canonical" rel="canonical" href="https://www.eataly.com/us_en"><link data-n-head="ssr" data-hid="i18n-alt-en-us" rel="alternate" href="https://www.eataly.com/us_en" hreflang="en-us"><link data-n-head="ssr" data-hid="alt-hp-uk" rel="alternate" href="https://www.eataly.co.uk" hreflang="en-gb"><link data-n-head="ssr" data-hid="alt-hp-it" rel="alternate" href="https://www.eataly.net/it_it" hreflang="it-it"><link data-n-head="ssr" rel="image_src" href="https://www.eataly.com/images/logo_og.webp"><style data-n-head="vuetify" type="text/css" id="vuetify-theme-stylesheet" nonce="undefined">.v-application a { color: #1976d2; }
.v-application .primary {
  background-color: #1976d2 !important;
  border-color: #1976d2 !important;
}
.v-application .primary--text {
  color: #1976d2 !important;
  caret-color: #1976d2 !important;
}
.v-application .primary.lighten-5 {
  background-color: #c7fdff !important;
  border-color: #c7fdff !important;
}
.v-application .primary--text.text--lighten-5 {
  color: #c7fdff !important;
  caret-color: #c7fdff !important;
}
.v-application .primary.lighten-4 {
  background-color: #a8e0ff !important;
  border-color: #a8e0ff !important;
}
.v-application .primary--text.text--lighten-4 {
  color: #a8e0ff !important;
  caret-color: #a8e0ff !important;
}
.v-application .primary.lighten-3 {
  background-color: #8ac5ff !important;
  border-color: #8ac5ff !important;
}
.v-application .primary--text.text--lighten-3 {
  color: #8ac5ff !important;
  caret-color: #8ac5ff !important;
}
.v-application .primary.lighten-2 {
  background-color: #6aaaff !important;
  border-color: #6aaaff !important;
}
.v-application .primary--text.text--lighten-2 {
  color: #6aaaff !important;
  caret-color: #6aaaff !important;
}
.v-application .primary.lighten-1 {
  background-color: #488fef !important;
  border-color: #488fef !important;
}
.v-application .primary--text.text--lighten-1 {
  color: #488fef !important;
  caret-color: #488fef !important;
}
.v-application .primary.darken-1 {
  background-color: #005eb6 !important;
  border-color: #005eb6 !important;
}
.v-application .primary--text.text--darken-1 {
  color: #005eb6 !important;
  caret-color: #005eb6 !important;
}
.v-application .primary.darken-2 {
  background-color: #00479b !important;
  border-color: #00479b !important;
}
.v-application .primary--text.text--darken-2 {
  color: #00479b !important;
  caret-color: #00479b !important;
}
.v-application .primary.darken-3 {
  background-color: #003180 !important;
  border-color: #003180 !important;
}
.v-application .primary--text.text--darken-3 {
  color: #003180 !important;
  caret-color: #003180 !important;
}
.v-application .primary.darken-4 {
  background-color: #001e67 !important;
  border-color: #001e67 !important;
}
.v-application .primary--text.text--darken-4 {
  color: #001e67 !important;
  caret-color: #001e67 !important;
}
.v-application .secondary {
  background-color: #424242 !important;
  border-color: #424242 !important;
}
.v-application .secondary--text {
  color: #424242 !important;
  caret-color: #424242 !important;
}
.v-application .secondary.lighten-5 {
  background-color: #c1c1c1 !important;
  border-color: #c1c1c1 !important;
}
.v-application .secondary--text.text--lighten-5 {
  color: #c1c1c1 !important;
  caret-color: #c1c1c1 !important;
}
.v-application .secondary.lighten-4 {
  background-color: #a6a6a6 !important;
  border-color: #a6a6a6 !important;
}
.v-application .secondary--text.text--lighten-4 {
  color: #a6a6a6 !important;
  caret-color: #a6a6a6 !important;
}
.v-application .secondary.lighten-3 {
  background-color: #8b8b8b !important;
  border-color: #8b8b8b !important;
}
.v-application .secondary--text.text--lighten-3 {
  color: #8b8b8b !important;
  caret-color: #8b8b8b !important;
}
.v-application .secondary.lighten-2 {
  background-color: #727272 !important;
  border-color: #727272 !important;
}
.v-application .secondary--text.text--lighten-2 {
  color: #727272 !important;
  caret-color: #727272 !important;
}
.v-application .secondary.lighten-1 {
  background-color: #595959 !important;
  border-color: #595959 !important;
}
.v-application .secondary--text.text--lighten-1 {
  color: #595959 !important;
  caret-color: #595959 !important;
}
.v-application .secondary.darken-1 {
  background-color: #2c2c2c !important;
  border-color: #2c2c2c !important;
}
.v-application .secondary--text.text--darken-1 {
  color: #2c2c2c !important;
  caret-color: #2c2c2c !important;
}
.v-application .secondary.darken-2 {
  background-color: #171717 !important;
  border-color: #171717 !important;
}
.v-application .secondary--text.text--darken-2 {
  color: #171717 !important;
  caret-color: #171717 !important;
}
.v-application .secondary.darken-3 {
  background-color: #000000 !important;
  border-color: #000000 !important;
}
.v-application .secondary--text.text--darken-3 {
  color: #000000 !important;
  caret-color: #000000 !important;
}
.v-application .secondary.darken-4 {
  background-color: #000000 !important;
  border-color: #000000 !important;
}
.v-application .secondary--text.text--darken-4 {
  color: #000000 !important;
  caret-color: #000000 !important;
}
.v-application .accent {
  background-color: #82b1ff !important;
  border-color: #82b1ff !important;
}
.v-application .accent--text {
  color: #82b1ff !important;
  caret-color: #82b1ff !important;
}
.v-application .accent.lighten-5 {
  background-color: #ffffff !important;
  border-color: #ffffff !important;
}
.v-application .accent--text.text--lighten-5 {
  color: #ffffff !important;
  caret-color: #ffffff !important;
}
.v-application .accent.lighten-4 {
  background-color: #f8ffff !important;
  border-color: #f8ffff !important;
}
.v-application .accent--text.text--lighten-4 {
  color: #f8ffff !important;
  caret-color: #f8ffff !important;
}
.v-application .accent.lighten-3 {
  background-color: #daffff !important;
  border-color: #daffff !important;
}
.v-application .accent--text.text--lighten-3 {
  color: #daffff !important;
  caret-color: #daffff !important;
}
.v-application .accent.lighten-2 {
  background-color: #bce8ff !important;
  border-color: #bce8ff !important;
}
.v-application .accent--text.text--lighten-2 {
  color: #bce8ff !important;
  caret-color: #bce8ff !important;
}
.v-application .accent.lighten-1 {
  background-color: #9fccff !important;
  border-color: #9fccff !important;
}
.v-application .accent--text.text--lighten-1 {
  color: #9fccff !important;
  caret-color: #9fccff !important;
}
.v-application .accent.darken-1 {
  background-color: #6596e2 !important;
  border-color: #6596e2 !important;
}
.v-application .accent--text.text--darken-1 {
  color: #6596e2 !important;
  caret-color: #6596e2 !important;
}
.v-application .accent.darken-2 {
  background-color: #467dc6 !important;
  border-color: #467dc6 !important;
}
.v-application .accent--text.text--darken-2 {
  color: #467dc6 !important;
  caret-color: #467dc6 !important;
}
.v-application .accent.darken-3 {
  background-color: #2364aa !important;
  border-color: #2364aa !important;
}
.v-application .accent--text.text--darken-3 {
  color: #2364aa !important;
  caret-color: #2364aa !important;
}
.v-application .accent.darken-4 {
  background-color: #004c90 !important;
  border-color: #004c90 !important;
}
.v-application .accent--text.text--darken-4 {
  color: #004c90 !important;
  caret-color: #004c90 !important;
}
.v-application .error {
  background-color: #ff5252 !important;
  border-color: #ff5252 !important;
}
.v-application .error--text {
  color: #ff5252 !important;
  caret-color: #ff5252 !important;
}
.v-application .error.lighten-5 {
  background-color: #ffe4d5 !important;
  border-color: #ffe4d5 !important;
}
.v-application .error--text.text--lighten-5 {
  color: #ffe4d5 !important;
  caret-color: #ffe4d5 !important;
}
.v-application .error.lighten-4 {
  background-color: #ffc6b9 !important;
  border-color: #ffc6b9 !important;
}
.v-application .error--text.text--lighten-4 {
  color: #ffc6b9 !important;
  caret-color: #ffc6b9 !important;
}
.v-application .error.lighten-3 {
  background-color: #ffa99e !important;
  border-color: #ffa99e !important;
}
.v-application .error--text.text--lighten-3 {
  color: #ffa99e !important;
  caret-color: #ffa99e !important;
}
.v-application .error.lighten-2 {
  background-color: #ff8c84 !important;
  border-color: #ff8c84 !important;
}
.v-application .error--text.text--lighten-2 {
  color: #ff8c84 !important;
  caret-color: #ff8c84 !important;
}
.v-application .error.lighten-1 {
  background-color: #ff6f6a !important;
  border-color: #ff6f6a !important;
}
.v-application .error--text.text--lighten-1 {
  color: #ff6f6a !important;
  caret-color: #ff6f6a !important;
}
.v-application .error.darken-1 {
  background-color: #df323b !important;
  border-color: #df323b !important;
}
.v-application .error--text.text--darken-1 {
  color: #df323b !important;
  caret-color: #df323b !important;
}
.v-application .error.darken-2 {
  background-color: #bf0025 !important;
  border-color: #bf0025 !important;
}
.v-application .error--text.text--darken-2 {
  color: #bf0025 !important;
  caret-color: #bf0025 !important;
}
.v-application .error.darken-3 {
  background-color: #9f0010 !important;
  border-color: #9f0010 !important;
}
.v-application .error--text.text--darken-3 {
  color: #9f0010 !important;
  caret-color: #9f0010 !important;
}
.v-application .error.darken-4 {
  background-color: #800000 !important;
  border-color: #800000 !important;
}
.v-application .error--text.text--darken-4 {
  color: #800000 !important;
  caret-color: #800000 !important;
}
.v-application .info {
  background-color: #2196f3 !important;
  border-color: #2196f3 !important;
}
.v-application .info--text {
  color: #2196f3 !important;
  caret-color: #2196f3 !important;
}
.v-application .info.lighten-5 {
  background-color: #d4ffff !important;
  border-color: #d4ffff !important;
}
.v-application .info--text.text--lighten-5 {
  color: #d4ffff !important;
  caret-color: #d4ffff !important;
}
.v-application .info.lighten-4 {
  background-color: #b5ffff !important;
  border-color: #b5ffff !important;
}
.v-application .info--text.text--lighten-4 {
  color: #b5ffff !important;
  caret-color: #b5ffff !important;
}
.v-application .info.lighten-3 {
  background-color: #95e8ff !important;
  border-color: #95e8ff !important;
}
.v-application .info--text.text--lighten-3 {
  color: #95e8ff !important;
  caret-color: #95e8ff !important;
}
.v-application .info.lighten-2 {
  background-color: #75ccff !important;
  border-color: #75ccff !important;
}
.v-application .info--text.text--lighten-2 {
  color: #75ccff !important;
  caret-color: #75ccff !important;
}
.v-application .info.lighten-1 {
  background-color: #51b0ff !important;
  border-color: #51b0ff !important;
}
.v-application .info--text.text--lighten-1 {
  color: #51b0ff !important;
  caret-color: #51b0ff !important;
}
.v-application .info.darken-1 {
  background-color: #007cd6 !important;
  border-color: #007cd6 !important;
}
.v-application .info--text.text--darken-1 {
  color: #007cd6 !important;
  caret-color: #007cd6 !important;
}
.v-application .info.darken-2 {
  background-color: #0064ba !important;
  border-color: #0064ba !important;
}
.v-application .info--text.text--darken-2 {
  color: #0064ba !important;
  caret-color: #0064ba !important;
}
.v-application .info.darken-3 {
  background-color: #004d9f !important;
  border-color: #004d9f !important;
}
.v-application .info--text.text--darken-3 {
  color: #004d9f !important;
  caret-color: #004d9f !important;
}
.v-application .info.darken-4 {
  background-color: #003784 !important;
  border-color: #003784 !important;
}
.v-application .info--text.text--darken-4 {
  color: #003784 !important;
  caret-color: #003784 !important;
}
.v-application .success {
  background-color: #4caf50 !important;
  border-color: #4caf50 !important;
}
.v-application .success--text {
  color: #4caf50 !important;
  caret-color: #4caf50 !important;
}
.v-application .success.lighten-5 {
  background-color: #dcffd6 !important;
  border-color: #dcffd6 !important;
}
.v-application .success--text.text--lighten-5 {
  color: #dcffd6 !important;
  caret-color: #dcffd6 !important;
}
.v-application .success.lighten-4 {
  background-color: #beffba !important;
  border-color: #beffba !important;
}
.v-application .success--text.text--lighten-4 {
  color: #beffba !important;
  caret-color: #beffba !important;
}
.v-application .success.lighten-3 {
  background-color: #a2ff9e !important;
  border-color: #a2ff9e !important;
}
.v-application .success--text.text--lighten-3 {
  color: #a2ff9e !important;
  caret-color: #a2ff9e !important;
}
.v-application .success.lighten-2 {
  background-color: #85e783 !important;
  border-color: #85e783 !important;
}
.v-application .success--text.text--lighten-2 {
  color: #85e783 !important;
  caret-color: #85e783 !important;
}
.v-application .success.lighten-1 {
  background-color: #69cb69 !important;
  border-color: #69cb69 !important;
}
.v-application .success--text.text--lighten-1 {
  color: #69cb69 !important;
  caret-color: #69cb69 !important;
}
.v-application .success.darken-1 {
  background-color: #2d9437 !important;
  border-color: #2d9437 !important;
}
.v-application .success--text.text--darken-1 {
  color: #2d9437 !important;
  caret-color: #2d9437 !important;
}
.v-application .success.darken-2 {
  background-color: #00791e !important;
  border-color: #00791e !important;
}
.v-application .success--text.text--darken-2 {
  color: #00791e !important;
  caret-color: #00791e !important;
}
.v-application .success.darken-3 {
  background-color: #006000 !important;
  border-color: #006000 !important;
}
.v-application .success--text.text--darken-3 {
  color: #006000 !important;
  caret-color: #006000 !important;
}
.v-application .success.darken-4 {
  background-color: #004700 !important;
  border-color: #004700 !important;
}
.v-application .success--text.text--darken-4 {
  color: #004700 !important;
  caret-color: #004700 !important;
}
.v-application .warning {
  background-color: #fb8c00 !important;
  border-color: #fb8c00 !important;
}
.v-application .warning--text {
  color: #fb8c00 !important;
  caret-color: #fb8c00 !important;
}
.v-application .warning.lighten-5 {
  background-color: #ffff9e !important;
  border-color: #ffff9e !important;
}
.v-application .warning--text.text--lighten-5 {
  color: #ffff9e !important;
  caret-color: #ffff9e !important;
}
.v-application .warning.lighten-4 {
  background-color: #fffb82 !important;
  border-color: #fffb82 !important;
}
.v-application .warning--text.text--lighten-4 {
  color: #fffb82 !important;
  caret-color: #fffb82 !important;
}
.v-application .warning.lighten-3 {
  background-color: #ffdf67 !important;
  border-color: #ffdf67 !important;
}
.v-application .warning--text.text--lighten-3 {
  color: #ffdf67 !important;
  caret-color: #ffdf67 !important;
}
.v-application .warning.lighten-2 {
  background-color: #ffc24b !important;
  border-color: #ffc24b !important;
}
.v-application .warning--text.text--lighten-2 {
  color: #ffc24b !important;
  caret-color: #ffc24b !important;
}
.v-application .warning.lighten-1 {
  background-color: #ffa72d !important;
  border-color: #ffa72d !important;
}
.v-application .warning--text.text--lighten-1 {
  color: #ffa72d !important;
  caret-color: #ffa72d !important;
}
.v-application .warning.darken-1 {
  background-color: #db7200 !important;
  border-color: #db7200 !important;
}
.v-application .warning--text.text--darken-1 {
  color: #db7200 !important;
  caret-color: #db7200 !important;
}
.v-application .warning.darken-2 {
  background-color: #bb5900 !important;
  border-color: #bb5900 !important;
}
.v-application .warning--text.text--darken-2 {
  color: #bb5900 !important;
  caret-color: #bb5900 !important;
}
.v-application .warning.darken-3 {
  background-color: #9d4000 !important;
  border-color: #9d4000 !important;
}
.v-application .warning--text.text--darken-3 {
  color: #9d4000 !important;
  caret-color: #9d4000 !important;
}
.v-application .warning.darken-4 {
  background-color: #802700 !important;
  border-color: #802700 !important;
}
.v-application .warning--text.text--darken-4 {
  color: #802700 !important;
  caret-color: #802700 !important;
}</style><script data-n-head="ssr" src="https://cdn.cookielaw.org/scripttemplates/otSDKStub.js" type="text/javascript" charset="UTF-8" data-document-language="true" data-domain-script="undefined"></script><script data-n-head="ssr" src="https://connect.facebook.net/en_US/sdk.js" async defer crossorigin="anonymous"></script><script data-n-head="ssr" data-hid="gtm-script">if(!window._gtm_init){window._gtm_init=1;(function(w,n,d,m,e,p){w[d]=(w[d]==1||n[d]=='yes'||n[d]==1||n[m]==1||(w[e]&&w[e].p&&e[e][p]()))?1:0})(window,'navigator','doNotTrack','msDoNotTrack','external','msTrackingProtectionEnabled');(function(w,d,s,l,x,y){w[l]=w[l]||[];w[l].push({'gtm.start':new Date().getTime(),event:'gtm.js'});w[x]={};w._gtm_inject=function(i){if(w.doNotTrack||w[x][i])return;w[x][i]=1;var f=d.getElementsByTagName(s)[0],j=d.createElement(s);j.async=true;j.src='https://sst-us.eataly.com/gtm.js?id='+i;f.parentNode.insertBefore(j,f);}})(window,document,'script','dataLayer','_gtm_ids','_gtm_inject')}</script><script data-n-head="ssr" data-hid="newrelic-browser-script" type="text/javascript">;window.NREUM||(NREUM={});NREUM.init={privacy:{cookies_enabled:false}};
window.NREUM||(NREUM={}),__nr_require=function(t,e,n){function r(n){if(!e[n]){var o=e[n]={exports:{}};t[n][0].call(o.exports,function(e){var o=t[n][1][e];return r(o||e)},o,o.exports)}return e[n].exports}if("function"==typeof __nr_require)return __nr_require;for(var o=0;o<n.length;o++)r(n[o]);return r}({1:[function(t,e,n){function r(t){try{c.console&&console.log(t)}catch(e){}}var o,i=t("ee"),a=t(27),c={};try{o=localStorage.getItem("__nr_flags").split(","),console&&"function"==typeof console.log&&(c.console=!0,o.indexOf("dev")!==-1&&(c.dev=!0),o.indexOf("nr_dev")!==-1&&(c.nrDev=!0))}catch(s){}c.nrDev&&i.on("internal-error",function(t){r(t.stack)}),c.dev&&i.on("fn-err",function(t,e,n){r(n.stack)}),c.dev&&(r("NR AGENT IN DEVELOPMENT MODE"),r("flags: "+a(c,function(t,e){return t}).join(", ")))},{}],2:[function(t,e,n){function r(t,e,n,r,c){try{l?l-=1:o(c||new UncaughtException(t,e,n),!0)}catch(u){try{i("ierr",[u,s.now(),!0])}catch(d){}}return"function"==typeof f&&f.apply(this,a(arguments))}function UncaughtException(t,e,n){this.message=t||"Uncaught error with no additional information",this.sourceURL=e,this.line=n}function o(t,e){var n=e?null:s.now();i("err",[t,n])}var i=t("handle"),a=t(28),c=t("ee"),s=t("loader"),u=t("gos"),f=window.onerror,d=!1,p="nr@seenError",l=0;s.features.err=!0,t(1),window.onerror=r;try{throw new Error}catch(h){"stack"in h&&(t(13),t(12),"addEventListener"in window&&t(6),s.xhrWrappable&&t(14),d=!0)}c.on("fn-start",function(t,e,n){d&&(l+=1)}),c.on("fn-err",function(t,e,n){d&&!n[p]&&(u(n,p,function(){return!0}),this.thrown=!0,o(n))}),c.on("fn-end",function(){d&&!this.thrown&&l>0&&(l-=1)}),c.on("internal-error",function(t){i("ierr",[t,s.now(),!0])})},{}],3:[function(t,e,n){t("loader").features.ins=!0},{}],4:[function(t,e,n){function r(){L++,T=g.hash,this[f]=y.now()}function o(){L--,g.hash!==T&&i(0,!0);var t=y.now();this[h]=~~this[h]+t-this[f],this[d]=t}function i(t,e){E.emit("newURL",[""+g,e])}function a(t,e){t.on(e,function(){this[e]=y.now()})}var c="-start",s="-end",u="-body",f="fn"+c,d="fn"+s,p="cb"+c,l="cb"+s,h="jsTime",m="fetch",v="addEventListener",w=window,g=w.location,y=t("loader");if(w[v]&&y.xhrWrappable){var x=t(10),b=t(11),E=t(8),R=t(6),O=t(13),N=t(7),P=t(14),M=t(9),S=t("ee"),C=S.get("tracer");t(16),y.features.spa=!0;var T,L=0;S.on(f,r),b.on(p,r),M.on(p,r),S.on(d,o),b.on(l,o),M.on(l,o),S.buffer([f,d,"xhr-done","xhr-resolved"]),R.buffer([f]),O.buffer(["setTimeout"+s,"clearTimeout"+c,f]),P.buffer([f,"new-xhr","send-xhr"+c]),N.buffer([m+c,m+"-done",m+u+c,m+u+s]),E.buffer(["newURL"]),x.buffer([f]),b.buffer(["propagate",p,l,"executor-err","resolve"+c]),C.buffer([f,"no-"+f]),M.buffer(["new-jsonp","cb-start","jsonp-error","jsonp-end"]),a(P,"send-xhr"+c),a(S,"xhr-resolved"),a(S,"xhr-done"),a(N,m+c),a(N,m+"-done"),a(M,"new-jsonp"),a(M,"jsonp-end"),a(M,"cb-start"),E.on("pushState-end",i),E.on("replaceState-end",i),w[v]("hashchange",i,!0),w[v]("load",i,!0),w[v]("popstate",function(){i(0,L>1)},!0)}},{}],5:[function(t,e,n){function r(t){}if(window.performance&&window.performance.timing&&window.performance.getEntriesByType){var o=t("ee"),i=t("handle"),a=t(13),c=t(12),s="learResourceTimings",u="addEventListener",f="resourcetimingbufferfull",d="bstResource",p="resource",l="-start",h="-end",m="fn"+l,v="fn"+h,w="bstTimer",g="pushState",y=t("loader");y.features.stn=!0,t(8),"addEventListener"in window&&t(6);var x=NREUM.o.EV;o.on(m,function(t,e){var n=t[0];n instanceof x&&(this.bstStart=y.now())}),o.on(v,function(t,e){var n=t[0];n instanceof x&&i("bst",[n,e,this.bstStart,y.now()])}),a.on(m,function(t,e,n){this.bstStart=y.now(),this.bstType=n}),a.on(v,function(t,e){i(w,[e,this.bstStart,y.now(),this.bstType])}),c.on(m,function(){this.bstStart=y.now()}),c.on(v,function(t,e){i(w,[e,this.bstStart,y.now(),"requestAnimationFrame"])}),o.on(g+l,function(t){this.time=y.now(),this.startPath=location.pathname+location.hash}),o.on(g+h,function(t){i("bstHist",[location.pathname+location.hash,this.startPath,this.time])}),u in window.performance&&(window.performance["c"+s]?window.performance[u](f,function(t){i(d,[window.performance.getEntriesByType(p)]),window.performance["c"+s]()},!1):window.performance[u]("webkit"+f,function(t){i(d,[window.performance.getEntriesByType(p)]),window.performance["webkitC"+s]()},!1)),document[u]("scroll",r,{passive:!0}),document[u]("keypress",r,!1),document[u]("click",r,!1)}},{}],6:[function(t,e,n){function r(t){for(var e=t;e&&!e.hasOwnProperty(f);)e=Object.getPrototypeOf(e);e&&o(e)}function o(t){c.inPlace(t,[f,d],"-",i)}function i(t,e){return t[1]}var a=t("ee").get("events"),c=t("wrap-function")(a,!0),s=t("gos"),u=XMLHttpRequest,f="addEventListener",d="removeEventListener";e.exports=a,"getPrototypeOf"in Object?(r(document),r(window),r(u.prototype)):u.prototype.hasOwnProperty(f)&&(o(window),o(u.prototype)),a.on(f+"-start",function(t,e){var n=t[1],r=s(n,"nr@wrapped",function(){function t(){if("function"==typeof n.handleEvent)return n.handleEvent.apply(n,arguments)}var e={object:t,"function":n}[typeof n];return e?c(e,"fn-",null,e.name||"anonymous"):n});this.wrapped=t[1]=r}),a.on(d+"-start",function(t){t[1]=this.wrapped||t[1]})},{}],7:[function(t,e,n){function r(t,e,n){var r=t[e];"function"==typeof r&&(t[e]=function(){var t=i(arguments),e={};o.emit(n+"before-start",[t],e);var a;e[m]&&e[m].dt&&(a=e[m].dt);var c=r.apply(this,t);return o.emit(n+"start",[t,a],c),c.then(function(t){return o.emit(n+"end",[null,t],c),t},function(t){throw o.emit(n+"end",[t],c),t})})}var o=t("ee").get("fetch"),i=t(28),a=t(27);e.exports=o;var c=window,s="fetch-",u=s+"body-",f=["arrayBuffer","blob","json","text","formData"],d=c.Request,p=c.Response,l=c.fetch,h="prototype",m="nr@context";d&&p&&l&&(a(f,function(t,e){r(d[h],e,u),r(p[h],e,u)}),r(c,"fetch",s),o.on(s+"end",function(t,e){var n=this;if(e){var r=e.headers.get("content-length");null!==r&&(n.rxSize=r),o.emit(s+"done",[null,e],n)}else o.emit(s+"done",[t],n)}))},{}],8:[function(t,e,n){var r=t("ee").get("history"),o=t("wrap-function")(r);e.exports=r;var i=window.history&&window.history.constructor&&window.history.constructor.prototype,a=window.history;i&&i.pushState&&i.replaceState&&(a=i),o.inPlace(a,["pushState","replaceState"],"-")},{}],9:[function(t,e,n){function r(t){function e(){s.emit("jsonp-end",[],p),t.removeEventListener("load",e,!1),t.removeEventListener("error",n,!1)}function n(){s.emit("jsonp-error",[],p),s.emit("jsonp-end",[],p),t.removeEventListener("load",e,!1),t.removeEventListener("error",n,!1)}var r=t&&"string"==typeof t.nodeName&&"script"===t.nodeName.toLowerCase();if(r){var o="function"==typeof t.addEventListener;if(o){var a=i(t.src);if(a){var f=c(a),d="function"==typeof f.parent[f.key];if(d){var p={};u.inPlace(f.parent,[f.key],"cb-",p),t.addEventListener("load",e,!1),t.addEventListener("error",n,!1),s.emit("new-jsonp",[t.src],p)}}}}}function o(){return"addEventListener"in window}function i(t){var e=t.match(f);return e?e[1]:null}function a(t,e){var n=t.match(p),r=n[1],o=n[3];return o?a(o,e[r]):e[r]}function c(t){var e=t.match(d);return e&&e.length>=3?{key:e[2],parent:a(e[1],window)}:{key:t,parent:window}}var s=t("ee").get("jsonp"),u=t("wrap-function")(s);if(e.exports=s,o()){var f=/[?&](?:callback|cb)=([^&#]+)/,d=/(.*)\.([^.]+)/,p=/^(\w+)(\.|$)(.*)$/,l=["appendChild","insertBefore","replaceChild"];Node&&Node.prototype&&Node.prototype.appendChild?u.inPlace(Node.prototype,l,"dom-"):(u.inPlace(HTMLElement.prototype,l,"dom-"),u.inPlace(HTMLHeadElement.prototype,l,"dom-"),u.inPlace(HTMLBodyElement.prototype,l,"dom-")),s.on("dom-start",function(t){r(t[0])})}},{}],10:[function(t,e,n){var r=t("ee").get("mutation"),o=t("wrap-function")(r),i=NREUM.o.MO;e.exports=r,i&&(window.MutationObserver=function(t){return this instanceof i?new i(o(t,"fn-")):i.apply(this,arguments)},MutationObserver.prototype=i.prototype)},{}],11:[function(t,e,n){function r(t){var e=i.context(),n=c(t,"executor-",e,null,!1),r=new u(n);return i.context(r).getCtx=function(){return e},r}var o=t("wrap-function"),i=t("ee").get("promise"),a=t("ee").getOrSetContext,c=o(i),s=t(27),u=NREUM.o.PR;e.exports=i,u&&(window.Promise=r,["all","race"].forEach(function(t){var e=u[t];u[t]=function(n){function r(t){return function(){i.emit("propagate",[null,!o],a,!1,!1),o=o||!t}}var o=!1;s(n,function(e,n){Promise.resolve(n).then(r("all"===t),r(!1))});var a=e.apply(u,arguments),c=u.resolve(a);return c}}),["resolve","reject"].forEach(function(t){var e=u[t];u[t]=function(t){var n=e.apply(u,arguments);return t!==n&&i.emit("propagate",[t,!0],n,!1,!1),n}}),u.prototype["catch"]=function(t){return this.then(null,t)},u.prototype=Object.create(u.prototype,{constructor:{value:r}}),s(Object.getOwnPropertyNames(u),function(t,e){try{r[e]=u[e]}catch(n){}}),o.wrapInPlace(u.prototype,"then",function(t){return function(){var e=this,n=o.argsToArray.apply(this,arguments),r=a(e);r.promise=e,n[0]=c(n[0],"cb-",r,null,!1),n[1]=c(n[1],"cb-",r,null,!1);var s=t.apply(this,n);return r.nextPromise=s,i.emit("propagate",[e,!0],s,!1,!1),s}}),i.on("executor-start",function(t){t[0]=c(t[0],"resolve-",this,null,!1),t[1]=c(t[1],"resolve-",this,null,!1)}),i.on("executor-err",function(t,e,n){t[1](n)}),i.on("cb-end",function(t,e,n){i.emit("propagate",[n,!0],this.nextPromise,!1,!1)}),i.on("propagate",function(t,e,n){this.getCtx&&!e||(this.getCtx=function(){if(t instanceof Promise)var e=i.context(t);return e&&e.getCtx?e.getCtx():this})}),r.toString=function(){return""+u})},{}],12:[function(t,e,n){var r=t("ee").get("raf"),o=t("wrap-function")(r),i="equestAnimationFrame";e.exports=r,o.inPlace(window,["r"+i,"mozR"+i,"webkitR"+i,"msR"+i],"raf-"),r.on("raf-start",function(t){t[0]=o(t[0],"fn-")})},{}],13:[function(t,e,n){function r(t,e,n){t[0]=a(t[0],"fn-",null,n)}function o(t,e,n){this.method=n,this.timerDuration=isNaN(t[1])?0:+t[1],t[0]=a(t[0],"fn-",this,n)}var i=t("ee").get("timer"),a=t("wrap-function")(i),c="setTimeout",s="setInterval",u="clearTimeout",f="-start",d="-";e.exports=i,a.inPlace(window,[c,"setImmediate"],c+d),a.inPlace(window,[s],s+d),a.inPlace(window,[u,"clearImmediate"],u+d),i.on(s+f,r),i.on(c+f,o)},{}],14:[function(t,e,n){function r(t,e){d.inPlace(e,["onreadystatechange"],"fn-",c)}function o(){var t=this,e=f.context(t);t.readyState>3&&!e.resolved&&(e.resolved=!0,f.emit("xhr-resolved",[],t)),d.inPlace(t,g,"fn-",c)}function i(t){y.push(t),h&&(b?b.then(a):v?v(a):(E=-E,R.data=E))}function a(){for(var t=0;t<y.length;t++)r([],y[t]);y.length&&(y=[])}function c(t,e){return e}function s(t,e){for(var n in t)e[n]=t[n];return e}t(6);var u=t("ee"),f=u.get("xhr"),d=t("wrap-function")(f),p=NREUM.o,l=p.XHR,h=p.MO,m=p.PR,v=p.SI,w="readystatechange",g=["onload","onerror","onabort","onloadstart","onloadend","onprogress","ontimeout"],y=[];e.exports=f;var x=window.XMLHttpRequest=function(t){var e=new l(t);try{f.emit("new-xhr",[e],e),e.addEventListener(w,o,!1)}catch(n){try{f.emit("internal-error",[n])}catch(r){}}return e};if(s(l,x),x.prototype=l.prototype,d.inPlace(x.prototype,["open","send"],"-xhr-",c),f.on("send-xhr-start",function(t,e){r(t,e),i(e)}),f.on("open-xhr-start",r),h){var b=m&&m.resolve();if(!v&&!m){var E=1,R=document.createTextNode(E);new h(a).observe(R,{characterData:!0})}}else u.on("fn-end",function(t){t[0]&&t[0].type===w||a()})},{}],15:[function(t,e,n){function r(t){if(!c(t))return null;var e=window.NREUM;if(!e.loader_config)return null;var n=(e.loader_config.accountID||"").toString()||null,r=(e.loader_config.agentID||"").toString()||null,u=(e.loader_config.trustKey||"").toString()||null;if(!n||!r)return null;var h=l.generateSpanId(),m=l.generateTraceId(),v=Date.now(),w={spanId:h,traceId:m,timestamp:v};return(t.sameOrigin||s(t)&&p())&&(w.traceContextParentHeader=o(h,m),w.traceContextStateHeader=i(h,v,n,r,u)),(t.sameOrigin&&!f()||!t.sameOrigin&&s(t)&&d())&&(w.newrelicHeader=a(h,m,v,n,r,u)),w}function o(t,e){return"00-"+e+"-"+t+"-01"}function i(t,e,n,r,o){var i=0,a="",c=1,s="",u="";return o+"@nr="+i+"-"+c+"-"+n+"-"+r+"-"+t+"-"+a+"-"+s+"-"+u+"-"+e}function a(t,e,n,r,o,i){var a="btoa"in window&&"function"==typeof window.btoa;if(!a)return null;var c={v:[0,1],d:{ty:"Browser",ac:r,ap:o,id:t,tr:e,ti:n}};return i&&r!==i&&(c.d.tk=i),btoa(JSON.stringify(c))}function c(t){return u()&&s(t)}function s(t){var e=!1,n={};if("init"in NREUM&&"distributed_tracing"in NREUM.init&&(n=NREUM.init.distributed_tracing),t.sameOrigin)e=!0;else if(n.allowed_origins instanceof Array)for(var r=0;r<n.allowed_origins.length;r++){var o=h(n.allowed_origins[r]);if(t.hostname===o.hostname&&t.protocol===o.protocol&&t.port===o.port){e=!0;break}}return e}function u(){return"init"in NREUM&&"distributed_tracing"in NREUM.init&&!!NREUM.init.distributed_tracing.enabled}function f(){return"init"in NREUM&&"distributed_tracing"in NREUM.init&&!!NREUM.init.distributed_tracing.exclude_newrelic_header}function d(){return"init"in NREUM&&"distributed_tracing"in NREUM.init&&NREUM.init.distributed_tracing.cors_use_newrelic_header!==!1}function p(){return"init"in NREUM&&"distributed_tracing"in NREUM.init&&!!NREUM.init.distributed_tracing.cors_use_tracecontext_headers}var l=t(24),h=t(17);e.exports={generateTracePayload:r,shouldGenerateTrace:c}},{}],16:[function(t,e,n){function r(t){var e=this.params,n=this.metrics;if(!this.ended){this.ended=!0;for(var r=0;r<p;r++)t.removeEventListener(d[r],this.listener,!1);e.aborted||(n.duration=a.now()-this.startTime,this.loadCaptureCalled||4!==t.readyState?null==e.status&&(e.status=0):i(this,t),n.cbTime=this.cbTime,f.emit("xhr-done",[t],t),c("xhr",[e,n,this.startTime]))}}function o(t,e){var n=s(e),r=t.params;r.host=n.hostname+":"+n.port,r.pathname=n.pathname,t.parsedOrigin=s(e),t.sameOrigin=t.parsedOrigin.sameOrigin}function i(t,e){t.params.status=e.status;var n=v(e,t.lastSize);if(n&&(t.metrics.rxSize=n),t.sameOrigin){var r=e.getResponseHeader("X-NewRelic-App-Data");r&&(t.params.cat=r.split(", ").pop())}t.loadCaptureCalled=!0}var a=t("loader");if(a.xhrWrappable){var c=t("handle"),s=t(17),u=t(15).generateTracePayload,f=t("ee"),d=["load","error","abort","timeout"],p=d.length,l=t("id"),h=t(21),m=t(20),v=t(18),w=window.XMLHttpRequest;a.features.xhr=!0,t(14),t(7),f.on("new-xhr",function(t){var e=this;e.totalCbs=0,e.called=0,e.cbTime=0,e.end=r,e.ended=!1,e.xhrGuids={},e.lastSize=null,e.loadCaptureCalled=!1,t.addEventListener("load",function(n){i(e,t)},!1),h&&(h>34||h<10)||window.opera||t.addEventListener("progress",function(t){e.lastSize=t.loaded},!1)}),f.on("open-xhr-start",function(t){this.params={method:t[0]},o(this,t[1]),this.metrics={}}),f.on("open-xhr-end",function(t,e){"loader_config"in NREUM&&"xpid"in NREUM.loader_config&&this.sameOrigin&&e.setRequestHeader("X-NewRelic-ID",NREUM.loader_config.xpid);var n=u(this.parsedOrigin);if(n){var r=!1;n.newrelicHeader&&(e.setRequestHeader("newrelic",n.newrelicHeader),r=!0),n.traceContextParentHeader&&(e.setRequestHeader("traceparent",n.traceContextParentHeader),n.traceContextStateHeader&&e.setRequestHeader("tracestate",n.traceContextStateHeader),r=!0),r&&(this.dt=n)}}),f.on("send-xhr-start",function(t,e){var n=this.metrics,r=t[0],o=this;if(n&&r){var i=m(r);i&&(n.txSize=i)}this.startTime=a.now(),this.listener=function(t){try{"abort"!==t.type||o.loadCaptureCalled||(o.params.aborted=!0),("load"!==t.type||o.called===o.totalCbs&&(o.onloadCalled||"function"!=typeof e.onload))&&o.end(e)}catch(n){try{f.emit("internal-error",[n])}catch(r){}}};for(var c=0;c<p;c++)e.addEventListener(d[c],this.listener,!1)}),f.on("xhr-cb-time",function(t,e,n){this.cbTime+=t,e?this.onloadCalled=!0:this.called+=1,this.called!==this.totalCbs||!this.onloadCalled&&"function"==typeof n.onload||this.end(n)}),f.on("xhr-load-added",function(t,e){var n=""+l(t)+!!e;this.xhrGuids&&!this.xhrGuids[n]&&(this.xhrGuids[n]=!0,this.totalCbs+=1)}),f.on("xhr-load-removed",function(t,e){var n=""+l(t)+!!e;this.xhrGuids&&this.xhrGuids[n]&&(delete this.xhrGuids[n],this.totalCbs-=1)}),f.on("addEventListener-end",function(t,e){e instanceof w&&"load"===t[0]&&f.emit("xhr-load-added",[t[1],t[2]],e)}),f.on("removeEventListener-end",function(t,e){e instanceof w&&"load"===t[0]&&f.emit("xhr-load-removed",[t[1],t[2]],e)}),f.on("fn-start",function(t,e,n){e instanceof w&&("onload"===n&&(this.onload=!0),("load"===(t[0]&&t[0].type)||this.onload)&&(this.xhrCbStart=a.now()))}),f.on("fn-end",function(t,e){this.xhrCbStart&&f.emit("xhr-cb-time",[a.now()-this.xhrCbStart,this.onload,e],e)}),f.on("fetch-before-start",function(t){function e(t,e){var n=!1;return e.newrelicHeader&&(t.set("newrelic",e.newrelicHeader),n=!0),e.traceContextParentHeader&&(t.set("traceparent",e.traceContextParentHeader),e.traceContextStateHeader&&t.set("tracestate",e.traceContextStateHeader),n=!0),n}var n,r=t[1]||{};"string"==typeof t[0]?n=t[0]:t[0]&&t[0].url?n=t[0].url:window.URL&&t[0]&&t[0]instanceof URL&&(n=t[0].href),n&&(this.parsedOrigin=s(n),this.sameOrigin=this.parsedOrigin.sameOrigin);var o=u(this.parsedOrigin);if(o&&(o.newrelicHeader||o.traceContextParentHeader))if("string"==typeof t[0]||window.URL&&t[0]&&t[0]instanceof URL){var i={};for(var a in r)i[a]=r[a];i.headers=new Headers(r.headers||{}),e(i.headers,o)&&(this.dt=o),t.length>1?t[1]=i:t.push(i)}else t[0]&&t[0].headers&&e(t[0].headers,o)&&(this.dt=o)})}},{}],17:[function(t,e,n){var r={};e.exports=function(t){if(t in r)return r[t];var e=document.createElement("a"),n=window.location,o={};e.href=t,o.port=e.port;var i=e.href.split("://");!o.port&&i[1]&&(o.port=i[1].split("/")[0].split("@").pop().split(":")[1]),o.port&&"0"!==o.port||(o.port="https"===i[0]?"443":"80"),o.hostname=e.hostname||n.hostname,o.pathname=e.pathname,o.protocol=i[0],"/"!==o.pathname.charAt(0)&&(o.pathname="/"+o.pathname);var a=!e.protocol||":"===e.protocol||e.protocol===n.protocol,c=e.hostname===document.domain&&e.port===n.port;return o.sameOrigin=a&&(!e.hostname||c),"/"===o.pathname&&(r[t]=o),o}},{}],18:[function(t,e,n){function r(t,e){var n=t.responseType;return"json"===n&&null!==e?e:"arraybuffer"===n||"blob"===n||"json"===n?o(t.response):"text"===n||""===n||void 0===n?o(t.responseText):void 0}var o=t(20);e.exports=r},{}],19:[function(t,e,n){function r(){}function o(t,e,n){return function(){return i(t,[u.now()].concat(c(arguments)),e?null:this,n),e?void 0:this}}var i=t("handle"),a=t(27),c=t(28),s=t("ee").get("tracer"),u=t("loader"),f=NREUM;"undefined"==typeof window.newrelic&&(newrelic=f);var d=["setPageViewName","setCustomAttribute","setErrorHandler","finished","addToTrace","inlineHit","addRelease"],p="api-",l=p+"ixn-";a(d,function(t,e){f[e]=o(p+e,!0,"api")}),f.addPageAction=o(p+"addPageAction",!0),f.setCurrentRouteName=o(p+"routeName",!0),e.exports=newrelic,f.interaction=function(){return(new r).get()};var h=r.prototype={createTracer:function(t,e){var n={},r=this,o="function"==typeof e;return i(l+"tracer",[u.now(),t,n],r),function(){if(s.emit((o?"":"no-")+"fn-start",[u.now(),r,o],n),o)try{return e.apply(this,arguments)}catch(t){throw s.emit("fn-err",[arguments,this,t],n),t}finally{s.emit("fn-end",[u.now()],n)}}}};a("actionText,setName,setAttribute,save,ignore,onEnd,getContext,end,get".split(","),function(t,e){h[e]=o(l+e)}),newrelic.noticeError=function(t,e){"string"==typeof t&&(t=new Error(t)),i("err",[t,u.now(),!1,e])}},{}],20:[function(t,e,n){e.exports=function(t){if("string"==typeof t&&t.length)return t.length;if("object"==typeof t){if("undefined"!=typeof ArrayBuffer&&t instanceof ArrayBuffer&&t.byteLength)return t.byteLength;if("undefined"!=typeof Blob&&t instanceof Blob&&t.size)return t.size;if(!("undefined"!=typeof FormData&&t instanceof FormData))try{return JSON.stringify(t).length}catch(e){return}}}},{}],21:[function(t,e,n){var r=0,o=navigator.userAgent.match(/Firefox[\/\s](\d+\.\d+)/);o&&(r=+o[1]),e.exports=r},{}],22:[function(t,e,n){function r(){return c.exists&&performance.now?Math.round(performance.now()):(i=Math.max((new Date).getTime(),i))-a}function o(){return i}var i=(new Date).getTime(),a=i,c=t(29);e.exports=r,e.exports.offset=a,e.exports.getLastTimestamp=o},{}],23:[function(t,e,n){function r(t,e){var n=t.getEntries();n.forEach(function(t){"first-paint"===t.name?d("timing",["fp",Math.floor(t.startTime)]):"first-contentful-paint"===t.name&&d("timing",["fcp",Math.floor(t.startTime)])})}function o(t,e){var n=t.getEntries();n.length>0&&d("lcp",[n[n.length-1]])}function i(t){t.getEntries().forEach(function(t){t.hadRecentInput||d("cls",[t])})}function a(t){if(t instanceof h&&!v){var e=Math.round(t.timeStamp),n={type:t.type};e<=p.now()?n.fid=p.now()-e:e>p.offset&&e<=Date.now()?(e-=p.offset,n.fid=p.now()-e):e=p.now(),v=!0,d("timing",["fi",e,n])}}function c(t){d("pageHide",[p.now(),t])}if(!("init"in NREUM&&"page_view_timing"in NREUM.init&&"enabled"in NREUM.init.page_view_timing&&NREUM.init.page_view_timing.enabled===!1)){var s,u,f,d=t("handle"),p=t("loader"),l=t(26),h=NREUM.o.EV;if("PerformanceObserver"in window&&"function"==typeof window.PerformanceObserver){s=new PerformanceObserver(r);try{s.observe({entryTypes:["paint"]})}catch(m){}u=new PerformanceObserver(o);try{u.observe({entryTypes:["largest-contentful-paint"]})}catch(m){}f=new PerformanceObserver(i);try{f.observe({type:"layout-shift",buffered:!0})}catch(m){}}if("addEventListener"in document){var v=!1,w=["click","keydown","mousedown","pointerdown","touchstart"];w.forEach(function(t){document.addEventListener(t,a,!1)})}l(c)}},{}],24:[function(t,e,n){function r(){function t(){return e?15&e[n++]:16*Math.random()|0}var e=null,n=0,r=window.crypto||window.msCrypto;r&&r.getRandomValues&&(e=r.getRandomValues(new Uint8Array(31)));for(var o,i="xxxxxxxx-xxxx-4xxx-yxxx-xxxxxxxxxxxx",a="",c=0;c<i.length;c++)o=i[c],"x"===o?a+=t().toString(16):"y"===o?(o=3&t()|8,a+=o.toString(16)):a+=o;return a}function o(){return a(16)}function i(){return a(32)}function a(t){function e(){return n?15&n[r++]:16*Math.random()|0}var n=null,r=0,o=window.crypto||window.msCrypto;o&&o.getRandomValues&&Uint8Array&&(n=o.getRandomValues(new Uint8Array(31)));for(var i=[],a=0;a<t;a++)i.push(e().toString(16));return i.join("")}e.exports={generateUuid:r,generateSpanId:o,generateTraceId:i}},{}],25:[function(t,e,n){function r(t,e){if(!o)return!1;if(t!==o)return!1;if(!e)return!0;if(!i)return!1;for(var n=i.split("."),r=e.split("."),a=0;a<r.length;a++)if(r[a]!==n[a])return!1;return!0}var o=null,i=null,a=/Version\/(\S+)\s+Safari/;if(navigator.userAgent){var c=navigator.userAgent,s=c.match(a);s&&c.indexOf("Chrome")===-1&&c.indexOf("Chromium")===-1&&(o="Safari",i=s[1])}e.exports={agent:o,version:i,match:r}},{}],26:[function(t,e,n){function r(t){function e(){t(a&&document[a]?document[a]:document[o]?"hidden":"visible")}"addEventListener"in document&&i&&document.addEventListener(i,e,!1)}e.exports=r;var o,i,a;"undefined"!=typeof document.hidden?(o="hidden",i="visibilitychange",a="visibilityState"):"undefined"!=typeof document.msHidden?(o="msHidden",i="msvisibilitychange"):"undefined"!=typeof document.webkitHidden&&(o="webkitHidden",i="webkitvisibilitychange",a="webkitVisibilityState")},{}],27:[function(t,e,n){function r(t,e){var n=[],r="",i=0;for(r in t)o.call(t,r)&&(n[i]=e(r,t[r]),i+=1);return n}var o=Object.prototype.hasOwnProperty;e.exports=r},{}],28:[function(t,e,n){function r(t,e,n){e||(e=0),"undefined"==typeof n&&(n=t?t.length:0);for(var r=-1,o=n-e||0,i=Array(o<0?0:o);++r<o;)i[r]=t[e+r];return i}e.exports=r},{}],29:[function(t,e,n){e.exports={exists:"undefined"!=typeof window.performance&&window.performance.timing&&"undefined"!=typeof window.performance.timing.navigationStart}},{}],ee:[function(t,e,n){function r(){}function o(t){function e(t){return t&&t instanceof r?t:t?u(t,s,a):a()}function n(n,r,o,i,a){if(a!==!1&&(a=!0),!l.aborted||i){t&&a&&t(n,r,o);for(var c=e(o),s=m(n),u=s.length,f=0;f<u;f++)s[f].apply(c,r);var p=d[y[n]];return p&&p.push([x,n,r,c]),c}}function i(t,e){g[t]=m(t).concat(e)}function h(t,e){var n=g[t];if(n)for(var r=0;r<n.length;r++)n[r]===e&&n.splice(r,1)}function m(t){return g[t]||[]}function v(t){return p[t]=p[t]||o(n)}function w(t,e){f(t,function(t,n){e=e||"feature",y[n]=e,e in d||(d[e]=[])})}var g={},y={},x={on:i,addEventListener:i,removeEventListener:h,emit:n,get:v,listeners:m,context:e,buffer:w,abort:c,aborted:!1};return x}function i(t){return u(t,s,a)}function a(){return new r}function c(){(d.api||d.feature)&&(l.aborted=!0,d=l.backlog={})}var s="nr@context",u=t("gos"),f=t(27),d={},p={},l=e.exports=o();e.exports.getOrSetContext=i,l.backlog=d},{}],gos:[function(t,e,n){function r(t,e,n){if(o.call(t,e))return t[e];var r=n();if(Object.defineProperty&&Object.keys)try{return Object.defineProperty(t,e,{value:r,writable:!0,enumerable:!1}),r}catch(i){}return t[e]=r,r}var o=Object.prototype.hasOwnProperty;e.exports=r},{}],handle:[function(t,e,n){function r(t,e,n,r){o.buffer([t],r),o.emit(t,e,n)}var o=t("ee").get("handle");e.exports=r,r.ee=o},{}],id:[function(t,e,n){function r(t){var e=typeof t;return!t||"object"!==e&&"function"!==e?-1:t===window?0:a(t,i,function(){return o++})}var o=1,i="nr@id",a=t("gos");e.exports=r},{}],loader:[function(t,e,n){function r(){if(!b++){var t=x.info=NREUM.info,e=p.getElementsByTagName("script")[0];if(setTimeout(u.abort,3e4),!(t&&t.licenseKey&&t.applicationID&&e))return u.abort();s(g,function(e,n){t[e]||(t[e]=n)});var n=a();c("mark",["onload",n+x.offset],null,"api"),c("timing",["load",n]);var r=p.createElement("script");r.src="https://"+t.agent,e.parentNode.insertBefore(r,e)}}function o(){"complete"===p.readyState&&i()}function i(){c("mark",["domContent",a()+x.offset],null,"api")}var a=t(22),c=t("handle"),s=t(27),u=t("ee"),f=t(25),d=window,p=d.document,l="addEventListener",h="attachEvent",m=d.XMLHttpRequest,v=m&&m.prototype;NREUM.o={ST:setTimeout,SI:d.setImmediate,CT:clearTimeout,XHR:m,REQ:d.Request,EV:d.Event,PR:d.Promise,MO:d.MutationObserver};var w=""+location,g={beacon:"bam.nr-data.net",errorBeacon:"bam.nr-data.net",agent:"js-agent.newrelic.com/nr-spa-1198.min.js"},y=m&&v&&v[l]&&!/CriOS/.test(navigator.userAgent),x=e.exports={offset:a.getLastTimestamp(),now:a,origin:w,features:{},xhrWrappable:y,userAgent:f};t(19),t(23),p[l]?(p[l]("DOMContentLoaded",i,!1),d[l]("load",r,!1)):(p[h]("onreadystatechange",o),d[h]("onload",r)),c("mark",["firstbyte",a.getLastTimestamp()],null,"api");var b=0},{}],"wrap-function":[function(t,e,n){function r(t,e){function n(e,n,r,s,u){function nrWrapper(){var i,a,f,p;try{a=this,i=d(arguments),f="function"==typeof r?r(i,a):r||{}}catch(l){o([l,"",[i,a,s],f],t)}c(n+"start",[i,a,s],f,u);try{return p=e.apply(a,i)}catch(h){throw c(n+"err",[i,a,h],f,u),h}finally{c(n+"end",[i,a,p],f,u)}}return a(e)?e:(n||(n=""),nrWrapper[p]=e,i(e,nrWrapper,t),nrWrapper)}function r(t,e,r,o,i){r||(r="");var c,s,u,f="-"===r.charAt(0);for(u=0;u<e.length;u++)s=e[u],c=t[s],a(c)||(t[s]=n(c,f?s+r:r,o,s,i))}function c(n,r,i,a){if(!h||e){var c=h;h=!0;try{t.emit(n,r,i,e,a)}catch(s){o([s,n,r,i],t)}h=c}}return t||(t=f),n.inPlace=r,n.flag=p,n}function o(t,e){e||(e=f);try{e.emit("internal-error",t)}catch(n){}}function i(t,e,n){if(Object.defineProperty&&Object.keys)try{var r=Object.keys(t);return r.forEach(function(n){Object.defineProperty(e,n,{get:function(){return t[n]},set:function(e){return t[n]=e,e}})}),e}catch(i){o([i],n)}for(var a in t)l.call(t,a)&&(e[a]=t[a]);return e}function a(t){return!(t&&t instanceof Function&&t.apply&&!t[p])}function c(t,e){var n=e(t);return n[p]=t,i(t,n,f),n}function s(t,e,n){var r=t[e];t[e]=c(r,n)}function u(){for(var t=arguments.length,e=new Array(t),n=0;n<t;++n)e[n]=arguments[n];return e}var f=t("ee"),d=t(28),p="nr@original",l=Object.prototype.hasOwnProperty,h=!1;e.exports=r,e.exports.wrapFunction=c,e.exports.wrapInPlace=s,e.exports.argsToArray=u},{}]},{},["loader",2,16,5,3,4]);
;NREUM.loader_config={accountID:"1437433",trustKey:"1437433",agentID:"undefined",licenseKey:"undefined",applicationID:"undefined"}
;NREUM.info={beacon:"bam-cell.nr-data.net",errorBeacon:"bam-cell.nr-data.net",licenseKey:"undefined",applicationID:"undefined",sa:1}</script><script data-n-head="ssr" type="application/ld+json">{"@context":"http://schema.org","@type":"Organization","name":"Eataly","legalName":"Eataly S.p.A.","description":"Stores, restaurants, made-in-Italy products, gift ideas, cooking classes and events. Buy quality Italian products online and have them delivered to your doorstep.","url":"https://www.eataly.com","logo":"https://www.eataly.com/images/logo_og.webp","sameAs":["https://www.facebook.com/eataly/","https://www.instagram.com/eataly/","https://www.youtube.com/channel/UCV6v_6GBxCng42h6tY0ucOw"],"address":{"@type":"PostalAddress","addressLocality":"Torino","addressRegion":"Torino","addressCountry":"Italia","postalCode":"10126","streetAddress":"Via Nizza, 224"},"contactPoint":[{"@type":"ContactPoint","telephone":"+39 800 975880","contactType":"customer service","contactOption":"TollFree","areaServed":"IT"}]}</script><script data-n-head="ssr" type="application/ld+json">{"@context":"http://schema.org","@type":"WebSite","name":"Eataly","alternateName":"Eataly S.p.A.","url":"https://www.eataly.com","potentialAction":{"@type":"SearchAction","target":"https://www.eataly.com/us_en/search?q={query}","query-input":"required name=query"}}</script><link rel="preload" href="/_nuxt/a474899.js" as="script"><link rel="preload" href="/_nuxt/07732f7.js" as="script"><link rel="preload" href="/_nuxt/5966d08.js" as="script"><link rel="preload" href="/_nuxt/7c13ed9.js" as="script"><link rel="preload" href="/_nuxt/9de39af.js" as="script"><link rel="preload" href="/_nuxt/300fe90.js" as="script"><link rel="preload" href="/_nuxt/2beb3ce.js" as="script"><style data-vue-ssr-id="7b5d4dc6:0 ae7a972c:0 a8b3b032:0 520553ea:0 3db40984:0 b96481b0:0 115521d8:0 fc402d5c:0 398bddcc:0 59f225a8:0 24aed874:0 52d9b218:0 f85713f8:0 3ead2f3e:0 fbf045a0:0 7082b72e:0 34f0fce0:0 21dd8f33:0 6c92dffa:0 61d1dd60:0 ec842454:0 075924a4:0 0f7d136a:0 4dc2915a:0 265ccd52:0 5f99df01:0 c54b7bb4:0 3357c6c2:0 09a44d53:0 6391e516:0 309af2bb:0 a4669b52:0 0c396eac:0 53887fd2:0 78a1b980:0 e09e1dc8:0 7bc1a860:0 1c8f4490:0 1dd2313d:0 dcb1cb84:0 088d2aee:0 e6410c0e:0 41bdcd9c:0 e550bdfe:0 6042e28e:0 a66d61ca:0 9cfe40ae:0 e8dc0798:0 4c0a5458:0 32be7d75:0 03b4df56:0 75419eec:0 aa94473e:0 7cba6c28:0 3cfd5f4a:0 3d4d71b7:0 7ff0a6c6:0 0eb48a4d:0 19a15f7a:0 7a86717e:0 a6740338:0 02d490ca:0 6b2578ff:0 c1855648:0 7352d42a:0 5a1740c2:0 3cfcd2f6:0 ed53551a:0 6ee7eab0:0 35a33320:0 6a24d33c:0 7264a10b:0 2734af3e:0 ec98be24:0 66b5487a:0 63c51f46:0 aa067f3c:0 5fd8f078:0 41bdbb50:0 534d8ad2:0 9bc329e6:0 4cdb0b23:0 5ed4146c:0 8049d60c:0 c5dab55a:0 f776c14c:0 5a38e051:0 7f7abf41:0 6f93763f:0 44b02d77:0 678c5c62:0 2c377120:0 20250a45:0 0c851089:0 2893cd13:0 0f3800ad:0 985558ce:0 283581b0:0 4d8de74a:0 9577a9b0:0 02fb4c9e:0 40d7ecc3:0 91921988:0 82619fec:0 41e2fc14:0">.v-input--checkbox.v-input--indeterminate.v-input--is-disabled{opacity:.6}.v-input--checkbox.v-input--dense{margin-top:4px}
.v-input--selection-controls{margin-top:16px;padding-top:4px}.v-input--selection-controls>.v-input__append-outer,.v-input--selection-controls>.v-input__prepend-outer{margin-bottom:0;margin-top:0}.v-input--selection-controls:not(.v-input--hide-details)>.v-input__slot{margin-bottom:12px}.v-input--selection-controls .v-input__slot,.v-input--selection-controls .v-radio{cursor:pointer}.v-input--selection-controls .v-input__slot>.v-label,.v-input--selection-controls .v-radio>.v-label{align-items:center;display:inline-flex;flex:1 1 auto;height:auto}.v-input--selection-controls__input{color:inherit;display:inline-flex;flex:0 0 auto;height:24px;position:relative;transition:.3s cubic-bezier(.25,.8,.5,1);transition-property:transform;-webkit-user-select:none;-moz-user-select:none;user-select:none;width:24px}.v-input--selection-controls__input .v-icon{width:100%}.v-application--is-ltr .v-input--selection-controls__input{margin-right:8px}.v-application--is-rtl .v-input--selection-controls__input{margin-left:8px}.v-input--selection-controls__input input[role=checkbox],.v-input--selection-controls__input input[role=radio],.v-input--selection-controls__input input[role=switch]{cursor:pointer;height:100%;opacity:0;position:absolute;-webkit-user-select:none;-moz-user-select:none;user-select:none;width:100%}.v-input--selection-controls__input+.v-label{cursor:pointer;-webkit-user-select:none;-moz-user-select:none;user-select:none}.v-input--selection-controls__ripple{border-radius:50%;cursor:pointer;height:34px;left:-12px;margin:7px;position:absolute;top:calc(50% - 24px);transition:inherit;width:34px}.v-input--selection-controls__ripple:before{border-radius:inherit;bottom:0;content:"";left:0;opacity:.2;position:absolute;right:0;top:0;transform:scale(.2);transform-origin:center center;transition:inherit}.v-input--selection-controls__ripple>.v-ripple__container{transform:scale(1.2)}.v-input--selection-controls.v-input--dense .v-input--selection-controls__ripple{height:28px;left:-9px;width:28px}.v-input--selection-controls.v-input--dense:not(.v-input--switch) .v-input--selection-controls__ripple{top:calc(50% - 21px)}.v-input--selection-controls.v-input{flex:0 1 auto}.v-input--selection-controls .v-radio--is-focused .v-input--selection-controls__ripple:before,.v-input--selection-controls.v-input--is-focused .v-input--selection-controls__ripple:before{background:currentColor;transform:scale(1.2)}.v-input--selection-controls.v-input--is-disabled:not(.v-input--indeterminate) .v-icon{color:inherit}.v-input--selection-controls.v-input--is-disabled:not(.v-input--is-readonly){pointer-events:none}.v-input--selection-controls__input:hover .v-input--selection-controls__ripple:before{background:currentColor;transform:scale(1.2);transition:none}
.theme--light.v-icon{color:rgba(0,0,0,.54)}.theme--light.v-icon:focus:after{opacity:.12}.theme--light.v-icon.v-icon.v-icon--disabled{color:rgba(0,0,0,.38)!important}.theme--dark.v-icon{color:#fff}.theme--dark.v-icon:focus:after{opacity:.24}.theme--dark.v-icon.v-icon.v-icon--disabled{color:hsla(0,0%,100%,.5)!important}.v-icon.v-icon{align-items:center;display:inline-flex;font-feature-settings:"liga";font-size:24px;justify-content:center;letter-spacing:normal;line-height:1;position:relative;text-indent:0;transition:.3s cubic-bezier(.25,.8,.5,1),visibility 0s;-webkit-user-select:none;-moz-user-select:none;user-select:none;vertical-align:middle}.v-icon.v-icon:after{background-color:currentColor;border-radius:50%;content:"";display:inline-block;height:100%;left:0;opacity:0;pointer-events:none;position:absolute;top:0;transform:scale(1.3);transition:opacity .2s cubic-bezier(.4,0,.6,1);width:100%}.v-icon.v-icon--dense{font-size:20px}.v-icon--right{margin-left:8px}.v-icon--left{margin-right:8px}.v-icon.v-icon.v-icon--link{cursor:pointer;outline:none}.v-icon--disabled{pointer-events:none}.v-icon--dense .v-icon__component,.v-icon--dense .v-icon__svg{height:20px}.v-icon__component,.v-icon__svg{height:24px;width:24px}.v-icon__svg{fill:currentColor}
@keyframes v-shake{59%{margin-left:0}60%,80%{margin-left:2px}70%,90%{margin-left:-2px}}.v-application .black{background-color:#000!important;border-color:#000!important}.v-application .black--text{caret-color:#000!important;color:#000!important}.v-application .white{background-color:#fff!important;border-color:#fff!important}.v-application .white--text{caret-color:#fff!important;color:#fff!important}.v-application .transparent{background-color:transparent!important;border-color:transparent!important}.v-application .transparent--text{caret-color:transparent!important;color:transparent!important}.v-application .red{background-color:#f44336!important;border-color:#f44336!important}.v-application .red--text{caret-color:#f44336!important;color:#f44336!important}.v-application .red.lighten-5{background-color:#ffebee!important;border-color:#ffebee!important}.v-application .red--text.text--lighten-5{caret-color:#ffebee!important;color:#ffebee!important}.v-application .red.lighten-4{background-color:#ffcdd2!important;border-color:#ffcdd2!important}.v-application .red--text.text--lighten-4{caret-color:#ffcdd2!important;color:#ffcdd2!important}.v-application .red.lighten-3{background-color:#ef9a9a!important;border-color:#ef9a9a!important}.v-application .red--text.text--lighten-3{caret-color:#ef9a9a!important;color:#ef9a9a!important}.v-application .red.lighten-2{background-color:#e57373!important;border-color:#e57373!important}.v-application .red--text.text--lighten-2{caret-color:#e57373!important;color:#e57373!important}.v-application .red.lighten-1{background-color:#ef5350!important;border-color:#ef5350!important}.v-application .red--text.text--lighten-1{caret-color:#ef5350!important;color:#ef5350!important}.v-application .red.darken-1{background-color:#e53935!important;border-color:#e53935!important}.v-application .red--text.text--darken-1{caret-color:#e53935!important;color:#e53935!important}.v-application .red.darken-2{background-color:#d32f2f!important;border-color:#d32f2f!important}.v-application .red--text.text--darken-2{caret-color:#d32f2f!important;color:#d32f2f!important}.v-application .red.darken-3{background-color:#c62828!important;border-color:#c62828!important}.v-application .red--text.text--darken-3{caret-color:#c62828!important;color:#c62828!important}.v-application .red.darken-4{background-color:#b71c1c!important;border-color:#b71c1c!important}.v-application .red--text.text--darken-4{caret-color:#b71c1c!important;color:#b71c1c!important}.v-application .red.accent-1{background-color:#ff8a80!important;border-color:#ff8a80!important}.v-application .red--text.text--accent-1{caret-color:#ff8a80!important;color:#ff8a80!important}.v-application .red.accent-2{background-color:#ff5252!important;border-color:#ff5252!important}.v-application .red--text.text--accent-2{caret-color:#ff5252!important;color:#ff5252!important}.v-application .red.accent-3{background-color:#ff1744!important;border-color:#ff1744!important}.v-application .red--text.text--accent-3{caret-color:#ff1744!important;color:#ff1744!important}.v-application .red.accent-4{background-color:#d50000!important;border-color:#d50000!important}.v-application .red--text.text--accent-4{caret-color:#d50000!important;color:#d50000!important}.v-application .pink{background-color:#e91e63!important;border-color:#e91e63!important}.v-application .pink--text{caret-color:#e91e63!important;color:#e91e63!important}.v-application .pink.lighten-5{background-color:#fce4ec!important;border-color:#fce4ec!important}.v-application .pink--text.text--lighten-5{caret-color:#fce4ec!important;color:#fce4ec!important}.v-application .pink.lighten-4{background-color:#f8bbd0!important;border-color:#f8bbd0!important}.v-application .pink--text.text--lighten-4{caret-color:#f8bbd0!important;color:#f8bbd0!important}.v-application .pink.lighten-3{background-color:#f48fb1!important;border-color:#f48fb1!important}.v-application .pink--text.text--lighten-3{caret-color:#f48fb1!important;color:#f48fb1!important}.v-application .pink.lighten-2{background-color:#f06292!important;border-color:#f06292!important}.v-application .pink--text.text--lighten-2{caret-color:#f06292!important;color:#f06292!important}.v-application .pink.lighten-1{background-color:#ec407a!important;border-color:#ec407a!important}.v-application .pink--text.text--lighten-1{caret-color:#ec407a!important;color:#ec407a!important}.v-application .pink.darken-1{background-color:#d81b60!important;border-color:#d81b60!important}.v-application .pink--text.text--darken-1{caret-color:#d81b60!important;color:#d81b60!important}.v-application .pink.darken-2{background-color:#c2185b!important;border-color:#c2185b!important}.v-application .pink--text.text--darken-2{caret-color:#c2185b!important;color:#c2185b!important}.v-application .pink.darken-3{background-color:#ad1457!important;border-color:#ad1457!important}.v-application .pink--text.text--darken-3{caret-color:#ad1457!important;color:#ad1457!important}.v-application .pink.darken-4{background-color:#880e4f!important;border-color:#880e4f!important}.v-application .pink--text.text--darken-4{caret-color:#880e4f!important;color:#880e4f!important}.v-application .pink.accent-1{background-color:#ff80ab!important;border-color:#ff80ab!important}.v-application .pink--text.text--accent-1{caret-color:#ff80ab!important;color:#ff80ab!important}.v-application .pink.accent-2{background-color:#ff4081!important;border-color:#ff4081!important}.v-application .pink--text.text--accent-2{caret-color:#ff4081!important;color:#ff4081!important}.v-application .pink.accent-3{background-color:#f50057!important;border-color:#f50057!important}.v-application .pink--text.text--accent-3{caret-color:#f50057!important;color:#f50057!important}.v-application .pink.accent-4{background-color:#c51162!important;border-color:#c51162!important}.v-application .pink--text.text--accent-4{caret-color:#c51162!important;color:#c51162!important}.v-application .purple{background-color:#9c27b0!important;border-color:#9c27b0!important}.v-application .purple--text{caret-color:#9c27b0!important;color:#9c27b0!important}.v-application .purple.lighten-5{background-color:#f3e5f5!important;border-color:#f3e5f5!important}.v-application .purple--text.text--lighten-5{caret-color:#f3e5f5!important;color:#f3e5f5!important}.v-application .purple.lighten-4{background-color:#e1bee7!important;border-color:#e1bee7!important}.v-application .purple--text.text--lighten-4{caret-color:#e1bee7!important;color:#e1bee7!important}.v-application .purple.lighten-3{background-color:#ce93d8!important;border-color:#ce93d8!important}.v-application .purple--text.text--lighten-3{caret-color:#ce93d8!important;color:#ce93d8!important}.v-application .purple.lighten-2{background-color:#ba68c8!important;border-color:#ba68c8!important}.v-application .purple--text.text--lighten-2{caret-color:#ba68c8!important;color:#ba68c8!important}.v-application .purple.lighten-1{background-color:#ab47bc!important;border-color:#ab47bc!important}.v-application .purple--text.text--lighten-1{caret-color:#ab47bc!important;color:#ab47bc!important}.v-application .purple.darken-1{background-color:#8e24aa!important;border-color:#8e24aa!important}.v-application .purple--text.text--darken-1{caret-color:#8e24aa!important;color:#8e24aa!important}.v-application .purple.darken-2{background-color:#7b1fa2!important;border-color:#7b1fa2!important}.v-application .purple--text.text--darken-2{caret-color:#7b1fa2!important;color:#7b1fa2!important}.v-application .purple.darken-3{background-color:#6a1b9a!important;border-color:#6a1b9a!important}.v-application .purple--text.text--darken-3{caret-color:#6a1b9a!important;color:#6a1b9a!important}.v-application .purple.darken-4{background-color:#4a148c!important;border-color:#4a148c!important}.v-application .purple--text.text--darken-4{caret-color:#4a148c!important;color:#4a148c!important}.v-application .purple.accent-1{background-color:#ea80fc!important;border-color:#ea80fc!important}.v-application .purple--text.text--accent-1{caret-color:#ea80fc!important;color:#ea80fc!important}.v-application .purple.accent-2{background-color:#e040fb!important;border-color:#e040fb!important}.v-application .purple--text.text--accent-2{caret-color:#e040fb!important;color:#e040fb!important}.v-application .purple.accent-3{background-color:#d500f9!important;border-color:#d500f9!important}.v-application .purple--text.text--accent-3{caret-color:#d500f9!important;color:#d500f9!important}.v-application .purple.accent-4{background-color:#a0f!important;border-color:#a0f!important}.v-application .purple--text.text--accent-4{caret-color:#a0f!important;color:#a0f!important}.v-application .deep-purple{background-color:#673ab7!important;border-color:#673ab7!important}.v-application .deep-purple--text{caret-color:#673ab7!important;color:#673ab7!important}.v-application .deep-purple.lighten-5{background-color:#ede7f6!important;border-color:#ede7f6!important}.v-application .deep-purple--text.text--lighten-5{caret-color:#ede7f6!important;color:#ede7f6!important}.v-application .deep-purple.lighten-4{background-color:#d1c4e9!important;border-color:#d1c4e9!important}.v-application .deep-purple--text.text--lighten-4{caret-color:#d1c4e9!important;color:#d1c4e9!important}.v-application .deep-purple.lighten-3{background-color:#b39ddb!important;border-color:#b39ddb!important}.v-application .deep-purple--text.text--lighten-3{caret-color:#b39ddb!important;color:#b39ddb!important}.v-application .deep-purple.lighten-2{background-color:#9575cd!important;border-color:#9575cd!important}.v-application .deep-purple--text.text--lighten-2{caret-color:#9575cd!important;color:#9575cd!important}.v-application .deep-purple.lighten-1{background-color:#7e57c2!important;border-color:#7e57c2!important}.v-application .deep-purple--text.text--lighten-1{caret-color:#7e57c2!important;color:#7e57c2!important}.v-application .deep-purple.darken-1{background-color:#5e35b1!important;border-color:#5e35b1!important}.v-application .deep-purple--text.text--darken-1{caret-color:#5e35b1!important;color:#5e35b1!important}.v-application .deep-purple.darken-2{background-color:#512da8!important;border-color:#512da8!important}.v-application .deep-purple--text.text--darken-2{caret-color:#512da8!important;color:#512da8!important}.v-application .deep-purple.darken-3{background-color:#4527a0!important;border-color:#4527a0!important}.v-application .deep-purple--text.text--darken-3{caret-color:#4527a0!important;color:#4527a0!important}.v-application .deep-purple.darken-4{background-color:#311b92!important;border-color:#311b92!important}.v-application .deep-purple--text.text--darken-4{caret-color:#311b92!important;color:#311b92!important}.v-application .deep-purple.accent-1{background-color:#b388ff!important;border-color:#b388ff!important}.v-application .deep-purple--text.text--accent-1{caret-color:#b388ff!important;color:#b388ff!important}.v-application .deep-purple.accent-2{background-color:#7c4dff!important;border-color:#7c4dff!important}.v-application .deep-purple--text.text--accent-2{caret-color:#7c4dff!important;color:#7c4dff!important}.v-application .deep-purple.accent-3{background-color:#651fff!important;border-color:#651fff!important}.v-application .deep-purple--text.text--accent-3{caret-color:#651fff!important;color:#651fff!important}.v-application .deep-purple.accent-4{background-color:#6200ea!important;border-color:#6200ea!important}.v-application .deep-purple--text.text--accent-4{caret-color:#6200ea!important;color:#6200ea!important}.v-application .indigo{background-color:#3f51b5!important;border-color:#3f51b5!important}.v-application .indigo--text{caret-color:#3f51b5!important;color:#3f51b5!important}.v-application .indigo.lighten-5{background-color:#e8eaf6!important;border-color:#e8eaf6!important}.v-application .indigo--text.text--lighten-5{caret-color:#e8eaf6!important;color:#e8eaf6!important}.v-application .indigo.lighten-4{background-color:#c5cae9!important;border-color:#c5cae9!important}.v-application .indigo--text.text--lighten-4{caret-color:#c5cae9!important;color:#c5cae9!important}.v-application .indigo.lighten-3{background-color:#9fa8da!important;border-color:#9fa8da!important}.v-application .indigo--text.text--lighten-3{caret-color:#9fa8da!important;color:#9fa8da!important}.v-application .indigo.lighten-2{background-color:#7986cb!important;border-color:#7986cb!important}.v-application .indigo--text.text--lighten-2{caret-color:#7986cb!important;color:#7986cb!important}.v-application .indigo.lighten-1{background-color:#5c6bc0!important;border-color:#5c6bc0!important}.v-application .indigo--text.text--lighten-1{caret-color:#5c6bc0!important;color:#5c6bc0!important}.v-application .indigo.darken-1{background-color:#3949ab!important;border-color:#3949ab!important}.v-application .indigo--text.text--darken-1{caret-color:#3949ab!important;color:#3949ab!important}.v-application .indigo.darken-2{background-color:#303f9f!important;border-color:#303f9f!important}.v-application .indigo--text.text--darken-2{caret-color:#303f9f!important;color:#303f9f!important}.v-application .indigo.darken-3{background-color:#283593!important;border-color:#283593!important}.v-application .indigo--text.text--darken-3{caret-color:#283593!important;color:#283593!important}.v-application .indigo.darken-4{background-color:#1a237e!important;border-color:#1a237e!important}.v-application .indigo--text.text--darken-4{caret-color:#1a237e!important;color:#1a237e!important}.v-application .indigo.accent-1{background-color:#8c9eff!important;border-color:#8c9eff!important}.v-application .indigo--text.text--accent-1{caret-color:#8c9eff!important;color:#8c9eff!important}.v-application .indigo.accent-2{background-color:#536dfe!important;border-color:#536dfe!important}.v-application .indigo--text.text--accent-2{caret-color:#536dfe!important;color:#536dfe!important}.v-application .indigo.accent-3{background-color:#3d5afe!important;border-color:#3d5afe!important}.v-application .indigo--text.text--accent-3{caret-color:#3d5afe!important;color:#3d5afe!important}.v-application .indigo.accent-4{background-color:#304ffe!important;border-color:#304ffe!important}.v-application .indigo--text.text--accent-4{caret-color:#304ffe!important;color:#304ffe!important}.v-application .blue{background-color:#2196f3!important;border-color:#2196f3!important}.v-application .blue--text{caret-color:#2196f3!important;color:#2196f3!important}.v-application .blue.lighten-5{background-color:#e3f2fd!important;border-color:#e3f2fd!important}.v-application .blue--text.text--lighten-5{caret-color:#e3f2fd!important;color:#e3f2fd!important}.v-application .blue.lighten-4{background-color:#bbdefb!important;border-color:#bbdefb!important}.v-application .blue--text.text--lighten-4{caret-color:#bbdefb!important;color:#bbdefb!important}.v-application .blue.lighten-3{background-color:#90caf9!important;border-color:#90caf9!important}.v-application .blue--text.text--lighten-3{caret-color:#90caf9!important;color:#90caf9!important}.v-application .blue.lighten-2{background-color:#64b5f6!important;border-color:#64b5f6!important}.v-application .blue--text.text--lighten-2{caret-color:#64b5f6!important;color:#64b5f6!important}.v-application .blue.lighten-1{background-color:#42a5f5!important;border-color:#42a5f5!important}.v-application .blue--text.text--lighten-1{caret-color:#42a5f5!important;color:#42a5f5!important}.v-application .blue.darken-1{background-color:#1e88e5!important;border-color:#1e88e5!important}.v-application .blue--text.text--darken-1{caret-color:#1e88e5!important;color:#1e88e5!important}.v-application .blue.darken-2{background-color:#1976d2!important;border-color:#1976d2!important}.v-application .blue--text.text--darken-2{caret-color:#1976d2!important;color:#1976d2!important}.v-application .blue.darken-3{background-color:#1565c0!important;border-color:#1565c0!important}.v-application .blue--text.text--darken-3{caret-color:#1565c0!important;color:#1565c0!important}.v-application .blue.darken-4{background-color:#0d47a1!important;border-color:#0d47a1!important}.v-application .blue--text.text--darken-4{caret-color:#0d47a1!important;color:#0d47a1!important}.v-application .blue.accent-1{background-color:#82b1ff!important;border-color:#82b1ff!important}.v-application .blue--text.text--accent-1{caret-color:#82b1ff!important;color:#82b1ff!important}.v-application .blue.accent-2{background-color:#448aff!important;border-color:#448aff!important}.v-application .blue--text.text--accent-2{caret-color:#448aff!important;color:#448aff!important}.v-application .blue.accent-3{background-color:#2979ff!important;border-color:#2979ff!important}.v-application .blue--text.text--accent-3{caret-color:#2979ff!important;color:#2979ff!important}.v-application .blue.accent-4{background-color:#2962ff!important;border-color:#2962ff!important}.v-application .blue--text.text--accent-4{caret-color:#2962ff!important;color:#2962ff!important}.v-application .light-blue{background-color:#03a9f4!important;border-color:#03a9f4!important}.v-application .light-blue--text{caret-color:#03a9f4!important;color:#03a9f4!important}.v-application .light-blue.lighten-5{background-color:#e1f5fe!important;border-color:#e1f5fe!important}.v-application .light-blue--text.text--lighten-5{caret-color:#e1f5fe!important;color:#e1f5fe!important}.v-application .light-blue.lighten-4{background-color:#b3e5fc!important;border-color:#b3e5fc!important}.v-application .light-blue--text.text--lighten-4{caret-color:#b3e5fc!important;color:#b3e5fc!important}.v-application .light-blue.lighten-3{background-color:#81d4fa!important;border-color:#81d4fa!important}.v-application .light-blue--text.text--lighten-3{caret-color:#81d4fa!important;color:#81d4fa!important}.v-application .light-blue.lighten-2{background-color:#4fc3f7!important;border-color:#4fc3f7!important}.v-application .light-blue--text.text--lighten-2{caret-color:#4fc3f7!important;color:#4fc3f7!important}.v-application .light-blue.lighten-1{background-color:#29b6f6!important;border-color:#29b6f6!important}.v-application .light-blue--text.text--lighten-1{caret-color:#29b6f6!important;color:#29b6f6!important}.v-application .light-blue.darken-1{background-color:#039be5!important;border-color:#039be5!important}.v-application .light-blue--text.text--darken-1{caret-color:#039be5!important;color:#039be5!important}.v-application .light-blue.darken-2{background-color:#0288d1!important;border-color:#0288d1!important}.v-application .light-blue--text.text--darken-2{caret-color:#0288d1!important;color:#0288d1!important}.v-application .light-blue.darken-3{background-color:#0277bd!important;border-color:#0277bd!important}.v-application .light-blue--text.text--darken-3{caret-color:#0277bd!important;color:#0277bd!important}.v-application .light-blue.darken-4{background-color:#01579b!important;border-color:#01579b!important}.v-application .light-blue--text.text--darken-4{caret-color:#01579b!important;color:#01579b!important}.v-application .light-blue.accent-1{background-color:#80d8ff!important;border-color:#80d8ff!important}.v-application .light-blue--text.text--accent-1{caret-color:#80d8ff!important;color:#80d8ff!important}.v-application .light-blue.accent-2{background-color:#40c4ff!important;border-color:#40c4ff!important}.v-application .light-blue--text.text--accent-2{caret-color:#40c4ff!important;color:#40c4ff!important}.v-application .light-blue.accent-3{background-color:#00b0ff!important;border-color:#00b0ff!important}.v-application .light-blue--text.text--accent-3{caret-color:#00b0ff!important;color:#00b0ff!important}.v-application .light-blue.accent-4{background-color:#0091ea!important;border-color:#0091ea!important}.v-application .light-blue--text.text--accent-4{caret-color:#0091ea!important;color:#0091ea!important}.v-application .cyan{background-color:#00bcd4!important;border-color:#00bcd4!important}.v-application .cyan--text{caret-color:#00bcd4!important;color:#00bcd4!important}.v-application .cyan.lighten-5{background-color:#e0f7fa!important;border-color:#e0f7fa!important}.v-application .cyan--text.text--lighten-5{caret-color:#e0f7fa!important;color:#e0f7fa!important}.v-application .cyan.lighten-4{background-color:#b2ebf2!important;border-color:#b2ebf2!important}.v-application .cyan--text.text--lighten-4{caret-color:#b2ebf2!important;color:#b2ebf2!important}.v-application .cyan.lighten-3{background-color:#80deea!important;border-color:#80deea!important}.v-application .cyan--text.text--lighten-3{caret-color:#80deea!important;color:#80deea!important}.v-application .cyan.lighten-2{background-color:#4dd0e1!important;border-color:#4dd0e1!important}.v-application .cyan--text.text--lighten-2{caret-color:#4dd0e1!important;color:#4dd0e1!important}.v-application .cyan.lighten-1{background-color:#26c6da!important;border-color:#26c6da!important}.v-application .cyan--text.text--lighten-1{caret-color:#26c6da!important;color:#26c6da!important}.v-application .cyan.darken-1{background-color:#00acc1!important;border-color:#00acc1!important}.v-application .cyan--text.text--darken-1{caret-color:#00acc1!important;color:#00acc1!important}.v-application .cyan.darken-2{background-color:#0097a7!important;border-color:#0097a7!important}.v-application .cyan--text.text--darken-2{caret-color:#0097a7!important;color:#0097a7!important}.v-application .cyan.darken-3{background-color:#00838f!important;border-color:#00838f!important}.v-application .cyan--text.text--darken-3{caret-color:#00838f!important;color:#00838f!important}.v-application .cyan.darken-4{background-color:#006064!important;border-color:#006064!important}.v-application .cyan--text.text--darken-4{caret-color:#006064!important;color:#006064!important}.v-application .cyan.accent-1{background-color:#84ffff!important;border-color:#84ffff!important}.v-application .cyan--text.text--accent-1{caret-color:#84ffff!important;color:#84ffff!important}.v-application .cyan.accent-2{background-color:#18ffff!important;border-color:#18ffff!important}.v-application .cyan--text.text--accent-2{caret-color:#18ffff!important;color:#18ffff!important}.v-application .cyan.accent-3{background-color:#00e5ff!important;border-color:#00e5ff!important}.v-application .cyan--text.text--accent-3{caret-color:#00e5ff!important;color:#00e5ff!important}.v-application .cyan.accent-4{background-color:#00b8d4!important;border-color:#00b8d4!important}.v-application .cyan--text.text--accent-4{caret-color:#00b8d4!important;color:#00b8d4!important}.v-application .teal{background-color:#009688!important;border-color:#009688!important}.v-application .teal--text{caret-color:#009688!important;color:#009688!important}.v-application .teal.lighten-5{background-color:#e0f2f1!important;border-color:#e0f2f1!important}.v-application .teal--text.text--lighten-5{caret-color:#e0f2f1!important;color:#e0f2f1!important}.v-application .teal.lighten-4{background-color:#b2dfdb!important;border-color:#b2dfdb!important}.v-application .teal--text.text--lighten-4{caret-color:#b2dfdb!important;color:#b2dfdb!important}.v-application .teal.lighten-3{background-color:#80cbc4!important;border-color:#80cbc4!important}.v-application .teal--text.text--lighten-3{caret-color:#80cbc4!important;color:#80cbc4!important}.v-application .teal.lighten-2{background-color:#4db6ac!important;border-color:#4db6ac!important}.v-application .teal--text.text--lighten-2{caret-color:#4db6ac!important;color:#4db6ac!important}.v-application .teal.lighten-1{background-color:#26a69a!important;border-color:#26a69a!important}.v-application .teal--text.text--lighten-1{caret-color:#26a69a!important;color:#26a69a!important}.v-application .teal.darken-1{background-color:#00897b!important;border-color:#00897b!important}.v-application .teal--text.text--darken-1{caret-color:#00897b!important;color:#00897b!important}.v-application .teal.darken-2{background-color:#00796b!important;border-color:#00796b!important}.v-application .teal--text.text--darken-2{caret-color:#00796b!important;color:#00796b!important}.v-application .teal.darken-3{background-color:#00695c!important;border-color:#00695c!important}.v-application .teal--text.text--darken-3{caret-color:#00695c!important;color:#00695c!important}.v-application .teal.darken-4{background-color:#004d40!important;border-color:#004d40!important}.v-application .teal--text.text--darken-4{caret-color:#004d40!important;color:#004d40!important}.v-application .teal.accent-1{background-color:#a7ffeb!important;border-color:#a7ffeb!important}.v-application .teal--text.text--accent-1{caret-color:#a7ffeb!important;color:#a7ffeb!important}.v-application .teal.accent-2{background-color:#64ffda!important;border-color:#64ffda!important}.v-application .teal--text.text--accent-2{caret-color:#64ffda!important;color:#64ffda!important}.v-application .teal.accent-3{background-color:#1de9b6!important;border-color:#1de9b6!important}.v-application .teal--text.text--accent-3{caret-color:#1de9b6!important;color:#1de9b6!important}.v-application .teal.accent-4{background-color:#00bfa5!important;border-color:#00bfa5!important}.v-application .teal--text.text--accent-4{caret-color:#00bfa5!important;color:#00bfa5!important}.v-application .green{background-color:#4caf50!important;border-color:#4caf50!important}.v-application .green--text{caret-color:#4caf50!important;color:#4caf50!important}.v-application .green.lighten-5{background-color:#e8f5e9!important;border-color:#e8f5e9!important}.v-application .green--text.text--lighten-5{caret-color:#e8f5e9!important;color:#e8f5e9!important}.v-application .green.lighten-4{background-color:#c8e6c9!important;border-color:#c8e6c9!important}.v-application .green--text.text--lighten-4{caret-color:#c8e6c9!important;color:#c8e6c9!important}.v-application .green.lighten-3{background-color:#a5d6a7!important;border-color:#a5d6a7!important}.v-application .green--text.text--lighten-3{caret-color:#a5d6a7!important;color:#a5d6a7!important}.v-application .green.lighten-2{background-color:#81c784!important;border-color:#81c784!important}.v-application .green--text.text--lighten-2{caret-color:#81c784!important;color:#81c784!important}.v-application .green.lighten-1{background-color:#66bb6a!important;border-color:#66bb6a!important}.v-application .green--text.text--lighten-1{caret-color:#66bb6a!important;color:#66bb6a!important}.v-application .green.darken-1{background-color:#43a047!important;border-color:#43a047!important}.v-application .green--text.text--darken-1{caret-color:#43a047!important;color:#43a047!important}.v-application .green.darken-2{background-color:#388e3c!important;border-color:#388e3c!important}.v-application .green--text.text--darken-2{caret-color:#388e3c!important;color:#388e3c!important}.v-application .green.darken-3{background-color:#2e7d32!important;border-color:#2e7d32!important}.v-application .green--text.text--darken-3{caret-color:#2e7d32!important;color:#2e7d32!important}.v-application .green.darken-4{background-color:#1b5e20!important;border-color:#1b5e20!important}.v-application .green--text.text--darken-4{caret-color:#1b5e20!important;color:#1b5e20!important}.v-application .green.accent-1{background-color:#b9f6ca!important;border-color:#b9f6ca!important}.v-application .green--text.text--accent-1{caret-color:#b9f6ca!important;color:#b9f6ca!important}.v-application .green.accent-2{background-color:#69f0ae!important;border-color:#69f0ae!important}.v-application .green--text.text--accent-2{caret-color:#69f0ae!important;color:#69f0ae!important}.v-application .green.accent-3{background-color:#00e676!important;border-color:#00e676!important}.v-application .green--text.text--accent-3{caret-color:#00e676!important;color:#00e676!important}.v-application .green.accent-4{background-color:#00c853!important;border-color:#00c853!important}.v-application .green--text.text--accent-4{caret-color:#00c853!important;color:#00c853!important}.v-application .light-green{background-color:#8bc34a!important;border-color:#8bc34a!important}.v-application .light-green--text{caret-color:#8bc34a!important;color:#8bc34a!important}.v-application .light-green.lighten-5{background-color:#f1f8e9!important;border-color:#f1f8e9!important}.v-application .light-green--text.text--lighten-5{caret-color:#f1f8e9!important;color:#f1f8e9!important}.v-application .light-green.lighten-4{background-color:#dcedc8!important;border-color:#dcedc8!important}.v-application .light-green--text.text--lighten-4{caret-color:#dcedc8!important;color:#dcedc8!important}.v-application .light-green.lighten-3{background-color:#c5e1a5!important;border-color:#c5e1a5!important}.v-application .light-green--text.text--lighten-3{caret-color:#c5e1a5!important;color:#c5e1a5!important}.v-application .light-green.lighten-2{background-color:#aed581!important;border-color:#aed581!important}.v-application .light-green--text.text--lighten-2{caret-color:#aed581!important;color:#aed581!important}.v-application .light-green.lighten-1{background-color:#9ccc65!important;border-color:#9ccc65!important}.v-application .light-green--text.text--lighten-1{caret-color:#9ccc65!important;color:#9ccc65!important}.v-application .light-green.darken-1{background-color:#7cb342!important;border-color:#7cb342!important}.v-application .light-green--text.text--darken-1{caret-color:#7cb342!important;color:#7cb342!important}.v-application .light-green.darken-2{background-color:#689f38!important;border-color:#689f38!important}.v-application .light-green--text.text--darken-2{caret-color:#689f38!important;color:#689f38!important}.v-application .light-green.darken-3{background-color:#558b2f!important;border-color:#558b2f!important}.v-application .light-green--text.text--darken-3{caret-color:#558b2f!important;color:#558b2f!important}.v-application .light-green.darken-4{background-color:#33691e!important;border-color:#33691e!important}.v-application .light-green--text.text--darken-4{caret-color:#33691e!important;color:#33691e!important}.v-application .light-green.accent-1{background-color:#ccff90!important;border-color:#ccff90!important}.v-application .light-green--text.text--accent-1{caret-color:#ccff90!important;color:#ccff90!important}.v-application .light-green.accent-2{background-color:#b2ff59!important;border-color:#b2ff59!important}.v-application .light-green--text.text--accent-2{caret-color:#b2ff59!important;color:#b2ff59!important}.v-application .light-green.accent-3{background-color:#76ff03!important;border-color:#76ff03!important}.v-application .light-green--text.text--accent-3{caret-color:#76ff03!important;color:#76ff03!important}.v-application .light-green.accent-4{background-color:#64dd17!important;border-color:#64dd17!important}.v-application .light-green--text.text--accent-4{caret-color:#64dd17!important;color:#64dd17!important}.v-application .lime{background-color:#cddc39!important;border-color:#cddc39!important}.v-application .lime--text{caret-color:#cddc39!important;color:#cddc39!important}.v-application .lime.lighten-5{background-color:#f9fbe7!important;border-color:#f9fbe7!important}.v-application .lime--text.text--lighten-5{caret-color:#f9fbe7!important;color:#f9fbe7!important}.v-application .lime.lighten-4{background-color:#f0f4c3!important;border-color:#f0f4c3!important}.v-application .lime--text.text--lighten-4{caret-color:#f0f4c3!important;color:#f0f4c3!important}.v-application .lime.lighten-3{background-color:#e6ee9c!important;border-color:#e6ee9c!important}.v-application .lime--text.text--lighten-3{caret-color:#e6ee9c!important;color:#e6ee9c!important}.v-application .lime.lighten-2{background-color:#dce775!important;border-color:#dce775!important}.v-application .lime--text.text--lighten-2{caret-color:#dce775!important;color:#dce775!important}.v-application .lime.lighten-1{background-color:#d4e157!important;border-color:#d4e157!important}.v-application .lime--text.text--lighten-1{caret-color:#d4e157!important;color:#d4e157!important}.v-application .lime.darken-1{background-color:#c0ca33!important;border-color:#c0ca33!important}.v-application .lime--text.text--darken-1{caret-color:#c0ca33!important;color:#c0ca33!important}.v-application .lime.darken-2{background-color:#afb42b!important;border-color:#afb42b!important}.v-application .lime--text.text--darken-2{caret-color:#afb42b!important;color:#afb42b!important}.v-application .lime.darken-3{background-color:#9e9d24!important;border-color:#9e9d24!important}.v-application .lime--text.text--darken-3{caret-color:#9e9d24!important;color:#9e9d24!important}.v-application .lime.darken-4{background-color:#827717!important;border-color:#827717!important}.v-application .lime--text.text--darken-4{caret-color:#827717!important;color:#827717!important}.v-application .lime.accent-1{background-color:#f4ff81!important;border-color:#f4ff81!important}.v-application .lime--text.text--accent-1{caret-color:#f4ff81!important;color:#f4ff81!important}.v-application .lime.accent-2{background-color:#eeff41!important;border-color:#eeff41!important}.v-application .lime--text.text--accent-2{caret-color:#eeff41!important;color:#eeff41!important}.v-application .lime.accent-3{background-color:#c6ff00!important;border-color:#c6ff00!important}.v-application .lime--text.text--accent-3{caret-color:#c6ff00!important;color:#c6ff00!important}.v-application .lime.accent-4{background-color:#aeea00!important;border-color:#aeea00!important}.v-application .lime--text.text--accent-4{caret-color:#aeea00!important;color:#aeea00!important}.v-application .yellow{background-color:#ffeb3b!important;border-color:#ffeb3b!important}.v-application .yellow--text{caret-color:#ffeb3b!important;color:#ffeb3b!important}.v-application .yellow.lighten-5{background-color:#fffde7!important;border-color:#fffde7!important}.v-application .yellow--text.text--lighten-5{caret-color:#fffde7!important;color:#fffde7!important}.v-application .yellow.lighten-4{background-color:#fff9c4!important;border-color:#fff9c4!important}.v-application .yellow--text.text--lighten-4{caret-color:#fff9c4!important;color:#fff9c4!important}.v-application .yellow.lighten-3{background-color:#fff59d!important;border-color:#fff59d!important}.v-application .yellow--text.text--lighten-3{caret-color:#fff59d!important;color:#fff59d!important}.v-application .yellow.lighten-2{background-color:#fff176!important;border-color:#fff176!important}.v-application .yellow--text.text--lighten-2{caret-color:#fff176!important;color:#fff176!important}.v-application .yellow.lighten-1{background-color:#ffee58!important;border-color:#ffee58!important}.v-application .yellow--text.text--lighten-1{caret-color:#ffee58!important;color:#ffee58!important}.v-application .yellow.darken-1{background-color:#fdd835!important;border-color:#fdd835!important}.v-application .yellow--text.text--darken-1{caret-color:#fdd835!important;color:#fdd835!important}.v-application .yellow.darken-2{background-color:#fbc02d!important;border-color:#fbc02d!important}.v-application .yellow--text.text--darken-2{caret-color:#fbc02d!important;color:#fbc02d!important}.v-application .yellow.darken-3{background-color:#f9a825!important;border-color:#f9a825!important}.v-application .yellow--text.text--darken-3{caret-color:#f9a825!important;color:#f9a825!important}.v-application .yellow.darken-4{background-color:#f57f17!important;border-color:#f57f17!important}.v-application .yellow--text.text--darken-4{caret-color:#f57f17!important;color:#f57f17!important}.v-application .yellow.accent-1{background-color:#ffff8d!important;border-color:#ffff8d!important}.v-application .yellow--text.text--accent-1{caret-color:#ffff8d!important;color:#ffff8d!important}.v-application .yellow.accent-2{background-color:#ff0!important;border-color:#ff0!important}.v-application .yellow--text.text--accent-2{caret-color:#ff0!important;color:#ff0!important}.v-application .yellow.accent-3{background-color:#ffea00!important;border-color:#ffea00!important}.v-application .yellow--text.text--accent-3{caret-color:#ffea00!important;color:#ffea00!important}.v-application .yellow.accent-4{background-color:#ffd600!important;border-color:#ffd600!important}.v-application .yellow--text.text--accent-4{caret-color:#ffd600!important;color:#ffd600!important}.v-application .amber{background-color:#ffc107!important;border-color:#ffc107!important}.v-application .amber--text{caret-color:#ffc107!important;color:#ffc107!important}.v-application .amber.lighten-5{background-color:#fff8e1!important;border-color:#fff8e1!important}.v-application .amber--text.text--lighten-5{caret-color:#fff8e1!important;color:#fff8e1!important}.v-application .amber.lighten-4{background-color:#ffecb3!important;border-color:#ffecb3!important}.v-application .amber--text.text--lighten-4{caret-color:#ffecb3!important;color:#ffecb3!important}.v-application .amber.lighten-3{background-color:#ffe082!important;border-color:#ffe082!important}.v-application .amber--text.text--lighten-3{caret-color:#ffe082!important;color:#ffe082!important}.v-application .amber.lighten-2{background-color:#ffd54f!important;border-color:#ffd54f!important}.v-application .amber--text.text--lighten-2{caret-color:#ffd54f!important;color:#ffd54f!important}.v-application .amber.lighten-1{background-color:#ffca28!important;border-color:#ffca28!important}.v-application .amber--text.text--lighten-1{caret-color:#ffca28!important;color:#ffca28!important}.v-application .amber.darken-1{background-color:#ffb300!important;border-color:#ffb300!important}.v-application .amber--text.text--darken-1{caret-color:#ffb300!important;color:#ffb300!important}.v-application .amber.darken-2{background-color:#ffa000!important;border-color:#ffa000!important}.v-application .amber--text.text--darken-2{caret-color:#ffa000!important;color:#ffa000!important}.v-application .amber.darken-3{background-color:#ff8f00!important;border-color:#ff8f00!important}.v-application .amber--text.text--darken-3{caret-color:#ff8f00!important;color:#ff8f00!important}.v-application .amber.darken-4{background-color:#ff6f00!important;border-color:#ff6f00!important}.v-application .amber--text.text--darken-4{caret-color:#ff6f00!important;color:#ff6f00!important}.v-application .amber.accent-1{background-color:#ffe57f!important;border-color:#ffe57f!important}.v-application .amber--text.text--accent-1{caret-color:#ffe57f!important;color:#ffe57f!important}.v-application .amber.accent-2{background-color:#ffd740!important;border-color:#ffd740!important}.v-application .amber--text.text--accent-2{caret-color:#ffd740!important;color:#ffd740!important}.v-application .amber.accent-3{background-color:#ffc400!important;border-color:#ffc400!important}.v-application .amber--text.text--accent-3{caret-color:#ffc400!important;color:#ffc400!important}.v-application .amber.accent-4{background-color:#ffab00!important;border-color:#ffab00!important}.v-application .amber--text.text--accent-4{caret-color:#ffab00!important;color:#ffab00!important}.v-application .orange{background-color:#ff9800!important;border-color:#ff9800!important}.v-application .orange--text{caret-color:#ff9800!important;color:#ff9800!important}.v-application .orange.lighten-5{background-color:#fff3e0!important;border-color:#fff3e0!important}.v-application .orange--text.text--lighten-5{caret-color:#fff3e0!important;color:#fff3e0!important}.v-application .orange.lighten-4{background-color:#ffe0b2!important;border-color:#ffe0b2!important}.v-application .orange--text.text--lighten-4{caret-color:#ffe0b2!important;color:#ffe0b2!important}.v-application .orange.lighten-3{background-color:#ffcc80!important;border-color:#ffcc80!important}.v-application .orange--text.text--lighten-3{caret-color:#ffcc80!important;color:#ffcc80!important}.v-application .orange.lighten-2{background-color:#ffb74d!important;border-color:#ffb74d!important}.v-application .orange--text.text--lighten-2{caret-color:#ffb74d!important;color:#ffb74d!important}.v-application .orange.lighten-1{background-color:#ffa726!important;border-color:#ffa726!important}.v-application .orange--text.text--lighten-1{caret-color:#ffa726!important;color:#ffa726!important}.v-application .orange.darken-1{background-color:#fb8c00!important;border-color:#fb8c00!important}.v-application .orange--text.text--darken-1{caret-color:#fb8c00!important;color:#fb8c00!important}.v-application .orange.darken-2{background-color:#f57c00!important;border-color:#f57c00!important}.v-application .orange--text.text--darken-2{caret-color:#f57c00!important;color:#f57c00!important}.v-application .orange.darken-3{background-color:#ef6c00!important;border-color:#ef6c00!important}.v-application .orange--text.text--darken-3{caret-color:#ef6c00!important;color:#ef6c00!important}.v-application .orange.darken-4{background-color:#e65100!important;border-color:#e65100!important}.v-application .orange--text.text--darken-4{caret-color:#e65100!important;color:#e65100!important}.v-application .orange.accent-1{background-color:#ffd180!important;border-color:#ffd180!important}.v-application .orange--text.text--accent-1{caret-color:#ffd180!important;color:#ffd180!important}.v-application .orange.accent-2{background-color:#ffab40!important;border-color:#ffab40!important}.v-application .orange--text.text--accent-2{caret-color:#ffab40!important;color:#ffab40!important}.v-application .orange.accent-3{background-color:#ff9100!important;border-color:#ff9100!important}.v-application .orange--text.text--accent-3{caret-color:#ff9100!important;color:#ff9100!important}.v-application .orange.accent-4{background-color:#ff6d00!important;border-color:#ff6d00!important}.v-application .orange--text.text--accent-4{caret-color:#ff6d00!important;color:#ff6d00!important}.v-application .deep-orange{background-color:#ff5722!important;border-color:#ff5722!important}.v-application .deep-orange--text{caret-color:#ff5722!important;color:#ff5722!important}.v-application .deep-orange.lighten-5{background-color:#fbe9e7!important;border-color:#fbe9e7!important}.v-application .deep-orange--text.text--lighten-5{caret-color:#fbe9e7!important;color:#fbe9e7!important}.v-application .deep-orange.lighten-4{background-color:#ffccbc!important;border-color:#ffccbc!important}.v-application .deep-orange--text.text--lighten-4{caret-color:#ffccbc!important;color:#ffccbc!important}.v-application .deep-orange.lighten-3{background-color:#ffab91!important;border-color:#ffab91!important}.v-application .deep-orange--text.text--lighten-3{caret-color:#ffab91!important;color:#ffab91!important}.v-application .deep-orange.lighten-2{background-color:#ff8a65!important;border-color:#ff8a65!important}.v-application .deep-orange--text.text--lighten-2{caret-color:#ff8a65!important;color:#ff8a65!important}.v-application .deep-orange.lighten-1{background-color:#ff7043!important;border-color:#ff7043!important}.v-application .deep-orange--text.text--lighten-1{caret-color:#ff7043!important;color:#ff7043!important}.v-application .deep-orange.darken-1{background-color:#f4511e!important;border-color:#f4511e!important}.v-application .deep-orange--text.text--darken-1{caret-color:#f4511e!important;color:#f4511e!important}.v-application .deep-orange.darken-2{background-color:#e64a19!important;border-color:#e64a19!important}.v-application .deep-orange--text.text--darken-2{caret-color:#e64a19!important;color:#e64a19!important}.v-application .deep-orange.darken-3{background-color:#d84315!important;border-color:#d84315!important}.v-application .deep-orange--text.text--darken-3{caret-color:#d84315!important;color:#d84315!important}.v-application .deep-orange.darken-4{background-color:#bf360c!important;border-color:#bf360c!important}.v-application .deep-orange--text.text--darken-4{caret-color:#bf360c!important;color:#bf360c!important}.v-application .deep-orange.accent-1{background-color:#ff9e80!important;border-color:#ff9e80!important}.v-application .deep-orange--text.text--accent-1{caret-color:#ff9e80!important;color:#ff9e80!important}.v-application .deep-orange.accent-2{background-color:#ff6e40!important;border-color:#ff6e40!important}.v-application .deep-orange--text.text--accent-2{caret-color:#ff6e40!important;color:#ff6e40!important}.v-application .deep-orange.accent-3{background-color:#ff3d00!important;border-color:#ff3d00!important}.v-application .deep-orange--text.text--accent-3{caret-color:#ff3d00!important;color:#ff3d00!important}.v-application .deep-orange.accent-4{background-color:#dd2c00!important;border-color:#dd2c00!important}.v-application .deep-orange--text.text--accent-4{caret-color:#dd2c00!important;color:#dd2c00!important}.v-application .brown{background-color:#795548!important;border-color:#795548!important}.v-application .brown--text{caret-color:#795548!important;color:#795548!important}.v-application .brown.lighten-5{background-color:#efebe9!important;border-color:#efebe9!important}.v-application .brown--text.text--lighten-5{caret-color:#efebe9!important;color:#efebe9!important}.v-application .brown.lighten-4{background-color:#d7ccc8!important;border-color:#d7ccc8!important}.v-application .brown--text.text--lighten-4{caret-color:#d7ccc8!important;color:#d7ccc8!important}.v-application .brown.lighten-3{background-color:#bcaaa4!important;border-color:#bcaaa4!important}.v-application .brown--text.text--lighten-3{caret-color:#bcaaa4!important;color:#bcaaa4!important}.v-application .brown.lighten-2{background-color:#a1887f!important;border-color:#a1887f!important}.v-application .brown--text.text--lighten-2{caret-color:#a1887f!important;color:#a1887f!important}.v-application .brown.lighten-1{background-color:#8d6e63!important;border-color:#8d6e63!important}.v-application .brown--text.text--lighten-1{caret-color:#8d6e63!important;color:#8d6e63!important}.v-application .brown.darken-1{background-color:#6d4c41!important;border-color:#6d4c41!important}.v-application .brown--text.text--darken-1{caret-color:#6d4c41!important;color:#6d4c41!important}.v-application .brown.darken-2{background-color:#5d4037!important;border-color:#5d4037!important}.v-application .brown--text.text--darken-2{caret-color:#5d4037!important;color:#5d4037!important}.v-application .brown.darken-3{background-color:#4e342e!important;border-color:#4e342e!important}.v-application .brown--text.text--darken-3{caret-color:#4e342e!important;color:#4e342e!important}.v-application .brown.darken-4{background-color:#3e2723!important;border-color:#3e2723!important}.v-application .brown--text.text--darken-4{caret-color:#3e2723!important;color:#3e2723!important}.v-application .blue-grey{background-color:#607d8b!important;border-color:#607d8b!important}.v-application .blue-grey--text{caret-color:#607d8b!important;color:#607d8b!important}.v-application .blue-grey.lighten-5{background-color:#eceff1!important;border-color:#eceff1!important}.v-application .blue-grey--text.text--lighten-5{caret-color:#eceff1!important;color:#eceff1!important}.v-application .blue-grey.lighten-4{background-color:#cfd8dc!important;border-color:#cfd8dc!important}.v-application .blue-grey--text.text--lighten-4{caret-color:#cfd8dc!important;color:#cfd8dc!important}.v-application .blue-grey.lighten-3{background-color:#b0bec5!important;border-color:#b0bec5!important}.v-application .blue-grey--text.text--lighten-3{caret-color:#b0bec5!important;color:#b0bec5!important}.v-application .blue-grey.lighten-2{background-color:#90a4ae!important;border-color:#90a4ae!important}.v-application .blue-grey--text.text--lighten-2{caret-color:#90a4ae!important;color:#90a4ae!important}.v-application .blue-grey.lighten-1{background-color:#78909c!important;border-color:#78909c!important}.v-application .blue-grey--text.text--lighten-1{caret-color:#78909c!important;color:#78909c!important}.v-application .blue-grey.darken-1{background-color:#546e7a!important;border-color:#546e7a!important}.v-application .blue-grey--text.text--darken-1{caret-color:#546e7a!important;color:#546e7a!important}.v-application .blue-grey.darken-2{background-color:#455a64!important;border-color:#455a64!important}.v-application .blue-grey--text.text--darken-2{caret-color:#455a64!important;color:#455a64!important}.v-application .blue-grey.darken-3{background-color:#37474f!important;border-color:#37474f!important}.v-application .blue-grey--text.text--darken-3{caret-color:#37474f!important;color:#37474f!important}.v-application .blue-grey.darken-4{background-color:#263238!important;border-color:#263238!important}.v-application .blue-grey--text.text--darken-4{caret-color:#263238!important;color:#263238!important}.v-application .grey{background-color:#9e9e9e!important;border-color:#9e9e9e!important}.v-application .grey--text{caret-color:#9e9e9e!important;color:#9e9e9e!important}.v-application .grey.lighten-5{background-color:#fafafa!important;border-color:#fafafa!important}.v-application .grey--text.text--lighten-5{caret-color:#fafafa!important;color:#fafafa!important}.v-application .grey.lighten-4{background-color:#f5f5f5!important;border-color:#f5f5f5!important}.v-application .grey--text.text--lighten-4{caret-color:#f5f5f5!important;color:#f5f5f5!important}.v-application .grey.lighten-3{background-color:#eee!important;border-color:#eee!important}.v-application .grey--text.text--lighten-3{caret-color:#eee!important;color:#eee!important}.v-application .grey.lighten-2{background-color:#e0e0e0!important;border-color:#e0e0e0!important}.v-application .grey--text.text--lighten-2{caret-color:#e0e0e0!important;color:#e0e0e0!important}.v-application .grey.lighten-1{background-color:#bdbdbd!important;border-color:#bdbdbd!important}.v-application .grey--text.text--lighten-1{caret-color:#bdbdbd!important;color:#bdbdbd!important}.v-application .grey.darken-1{background-color:#757575!important;border-color:#757575!important}.v-application .grey--text.text--darken-1{caret-color:#757575!important;color:#757575!important}.v-application .grey.darken-2{background-color:#616161!important;border-color:#616161!important}.v-application .grey--text.text--darken-2{caret-color:#616161!important;color:#616161!important}.v-application .grey.darken-3{background-color:#424242!important;border-color:#424242!important}.v-application .grey--text.text--darken-3{caret-color:#424242!important;color:#424242!important}.v-application .grey.darken-4{background-color:#212121!important;border-color:#212121!important}.v-application .grey--text.text--darken-4{caret-color:#212121!important;color:#212121!important}.v-application .shades.black{background-color:#000!important;border-color:#000!important}.v-application .shades--text.text--black{caret-color:#000!important;color:#000!important}.v-application .shades.white{background-color:#fff!important;border-color:#fff!important}.v-application .shades--text.text--white{caret-color:#fff!important;color:#fff!important}.v-application .shades.transparent{background-color:transparent!important;border-color:transparent!important}.v-application .shades--text.text--transparent{caret-color:transparent!important;color:transparent!important}/*!
 * ress.css  v2.0.4
 * MIT License
 * github.com/filipelinhares/ress
 */html{box-sizing:border-box;overflow-y:scroll;-webkit-text-size-adjust:100%;-moz-tab-size:4;-o-tab-size:4;tab-size:4;word-break:normal}*,:after,:before{background-repeat:no-repeat;box-sizing:inherit}:after,:before{text-decoration:inherit;vertical-align:inherit}*{margin:0;padding:0}hr{height:0;overflow:visible}details,main{display:block}summary{display:list-item}small{font-size:80%}[hidden]{display:none}abbr[title]{border-bottom:none;text-decoration:underline;-webkit-text-decoration:underline dotted;text-decoration:underline dotted}a{background-color:transparent}a:active,a:hover{outline-width:0}code,kbd,pre,samp{font-family:monospace,monospace}pre{font-size:1em}b,strong{font-weight:bolder}sub,sup{font-size:75%;line-height:0;position:relative;vertical-align:baseline}sub{bottom:-.25em}sup{top:-.5em}input{border-radius:0}[disabled]{cursor:default}[type=number]::-webkit-inner-spin-button,[type=number]::-webkit-outer-spin-button{height:auto}[type=search]{-webkit-appearance:textfield;outline-offset:-2px}[type=search]::-webkit-search-cancel-button,[type=search]::-webkit-search-decoration{-webkit-appearance:none}textarea{overflow:auto;resize:vertical}button,input,optgroup,select,textarea{font:inherit}optgroup{font-weight:700}button{overflow:visible}button,select{text-transform:none}[role=button],[type=button],[type=reset],[type=submit],button{color:inherit;cursor:pointer}[type=button]::-moz-focus-inner,[type=reset]::-moz-focus-inner,[type=submit]::-moz-focus-inner,button::-moz-focus-inner{border-style:none;padding:0}[type=button]::-moz-focus-inner,[type=reset]::-moz-focus-inner,[type=submit]::-moz-focus-inner,button:-moz-focusring{outline:1px dotted ButtonText}[type=reset],[type=submit],button,html [type=button]{-webkit-appearance:button}button,input,select,textarea{background-color:transparent;border-style:none}select{-moz-appearance:none;-webkit-appearance:none}select::-ms-expand{display:none}select::-ms-value{color:currentColor}legend{border:0;color:inherit;display:table;max-width:100%;white-space:normal}::-webkit-file-upload-button{-webkit-appearance:button;color:inherit;font:inherit}img{border-style:none}progress{vertical-align:baseline}@media screen{[hidden~=screen]{display:inherit}[hidden~=screen]:not(:active):not(:focus):not(:target){position:absolute!important;clip:rect(0 0 0 0)!important}}[aria-busy=true]{cursor:progress}[aria-controls]{cursor:pointer}[aria-disabled=true]{cursor:default}.v-application .elevation-24{box-shadow:0 11px 15px -7px rgba(0,0,0,.2),0 24px 38px 3px rgba(0,0,0,.14),0 9px 46px 8px rgba(0,0,0,.12)!important}.v-application .elevation-23{box-shadow:0 11px 14px -7px rgba(0,0,0,.2),0 23px 36px 3px rgba(0,0,0,.14),0 9px 44px 8px rgba(0,0,0,.12)!important}.v-application .elevation-22{box-shadow:0 10px 14px -6px rgba(0,0,0,.2),0 22px 35px 3px rgba(0,0,0,.14),0 8px 42px 7px rgba(0,0,0,.12)!important}.v-application .elevation-21{box-shadow:0 10px 13px -6px rgba(0,0,0,.2),0 21px 33px 3px rgba(0,0,0,.14),0 8px 40px 7px rgba(0,0,0,.12)!important}.v-application .elevation-20{box-shadow:0 10px 13px -6px rgba(0,0,0,.2),0 20px 31px 3px rgba(0,0,0,.14),0 8px 38px 7px rgba(0,0,0,.12)!important}.v-application .elevation-19{box-shadow:0 9px 12px -6px rgba(0,0,0,.2),0 19px 29px 2px rgba(0,0,0,.14),0 7px 36px 6px rgba(0,0,0,.12)!important}.v-application .elevation-18{box-shadow:0 9px 11px -5px rgba(0,0,0,.2),0 18px 28px 2px rgba(0,0,0,.14),0 7px 34px 6px rgba(0,0,0,.12)!important}.v-application .elevation-17{box-shadow:0 8px 11px -5px rgba(0,0,0,.2),0 17px 26px 2px rgba(0,0,0,.14),0 6px 32px 5px rgba(0,0,0,.12)!important}.v-application .elevation-16{box-shadow:0 8px 10px -5px rgba(0,0,0,.2),0 16px 24px 2px rgba(0,0,0,.14),0 6px 30px 5px rgba(0,0,0,.12)!important}.v-application .elevation-15{box-shadow:0 8px 9px -5px rgba(0,0,0,.2),0 15px 22px 2px rgba(0,0,0,.14),0 6px 28px 5px rgba(0,0,0,.12)!important}.v-application .elevation-14{box-shadow:0 7px 9px -4px rgba(0,0,0,.2),0 14px 21px 2px rgba(0,0,0,.14),0 5px 26px 4px rgba(0,0,0,.12)!important}.v-application .elevation-13{box-shadow:0 7px 8px -4px rgba(0,0,0,.2),0 13px 19px 2px rgba(0,0,0,.14),0 5px 24px 4px rgba(0,0,0,.12)!important}.v-application .elevation-12{box-shadow:0 7px 8px -4px rgba(0,0,0,.2),0 12px 17px 2px rgba(0,0,0,.14),0 5px 22px 4px rgba(0,0,0,.12)!important}.v-application .elevation-11{box-shadow:0 6px 7px -4px rgba(0,0,0,.2),0 11px 15px 1px rgba(0,0,0,.14),0 4px 20px 3px rgba(0,0,0,.12)!important}.v-application .elevation-10{box-shadow:0 6px 6px -3px rgba(0,0,0,.2),0 10px 14px 1px rgba(0,0,0,.14),0 4px 18px 3px rgba(0,0,0,.12)!important}.v-application .elevation-9{box-shadow:0 5px 6px -3px rgba(0,0,0,.2),0 9px 12px 1px rgba(0,0,0,.14),0 3px 16px 2px rgba(0,0,0,.12)!important}.v-application .elevation-8{box-shadow:0 5px 5px -3px rgba(0,0,0,.2),0 8px 10px 1px rgba(0,0,0,.14),0 3px 14px 2px rgba(0,0,0,.12)!important}.v-application .elevation-7{box-shadow:0 4px 5px -2px rgba(0,0,0,.2),0 7px 10px 1px rgba(0,0,0,.14),0 2px 16px 1px rgba(0,0,0,.12)!important}.v-application .elevation-6{box-shadow:0 3px 5px -1px rgba(0,0,0,.2),0 6px 10px 0 rgba(0,0,0,.14),0 1px 18px 0 rgba(0,0,0,.12)!important}.v-application .elevation-5{box-shadow:0 3px 5px -1px rgba(0,0,0,.2),0 5px 8px 0 rgba(0,0,0,.14),0 1px 14px 0 rgba(0,0,0,.12)!important}.v-application .elevation-4{box-shadow:0 2px 4px -1px rgba(0,0,0,.2),0 4px 5px 0 rgba(0,0,0,.14),0 1px 10px 0 rgba(0,0,0,.12)!important}.v-application .elevation-3{box-shadow:0 3px 3px -2px rgba(0,0,0,.2),0 3px 4px 0 rgba(0,0,0,.14),0 1px 8px 0 rgba(0,0,0,.12)!important}.v-application .elevation-2{box-shadow:0 3px 1px -2px rgba(0,0,0,.2),0 2px 2px 0 rgba(0,0,0,.14),0 1px 5px 0 rgba(0,0,0,.12)!important}.v-application .elevation-1{box-shadow:0 2px 1px -1px rgba(0,0,0,.2),0 1px 1px 0 rgba(0,0,0,.14),0 1px 3px 0 rgba(0,0,0,.12)!important}.v-application .elevation-0{box-shadow:0 0 0 0 rgba(0,0,0,.2),0 0 0 0 rgba(0,0,0,.14),0 0 0 0 rgba(0,0,0,.12)!important}.carousel-transition-enter{transform:translate(100%)}.carousel-transition-leave,.carousel-transition-leave-to{position:absolute;top:0;transform:translate(-100%)}.carousel-reverse-transition-enter{transform:translate(-100%)}.carousel-reverse-transition-leave,.carousel-reverse-transition-leave-to{position:absolute;top:0;transform:translate(100%)}.dialog-transition-enter-active,.dialog-transition-leave-active{pointer-events:none!important}.dialog-transition-enter,.dialog-transition-leave-to{opacity:0;transform:scale(.5)}.dialog-transition-enter-to,.dialog-transition-leave{opacity:1}.dialog-bottom-transition-enter,.dialog-bottom-transition-leave-to{transform:translateY(100%)}.dialog-top-transition-enter,.dialog-top-transition-leave-to{transform:translateY(-100%)}.picker-reverse-transition-enter-active,.picker-reverse-transition-leave-active,.picker-transition-enter-active,.picker-transition-leave-active{transition:.3s cubic-bezier(0,0,.2,1)}.picker-reverse-transition-enter,.picker-reverse-transition-leave-to,.picker-transition-enter,.picker-transition-leave-to{opacity:0}.picker-reverse-transition-leave,.picker-reverse-transition-leave-active,.picker-reverse-transition-leave-to,.picker-transition-leave,.picker-transition-leave-active,.picker-transition-leave-to{position:absolute!important}.picker-transition-enter{transform:translateY(100%)}.picker-reverse-transition-enter,.picker-transition-leave-to{transform:translateY(-100%)}.picker-reverse-transition-leave-to{transform:translateY(100%)}.picker-title-transition-enter-to,.picker-title-transition-leave{transform:translate(0)}.picker-title-transition-enter{transform:translate(-100%)}.picker-title-transition-leave-to{opacity:0;transform:translate(100%)}.picker-title-transition-leave,.picker-title-transition-leave-active,.picker-title-transition-leave-to{position:absolute!important}.tab-transition-enter{transform:translate(100%)}.tab-transition-leave,.tab-transition-leave-active{position:absolute;top:0}.tab-transition-leave-to{position:absolute}.tab-reverse-transition-enter,.tab-transition-leave-to{transform:translate(-100%)}.tab-reverse-transition-leave,.tab-reverse-transition-leave-to{position:absolute;top:0;transform:translate(100%)}.expand-transition-enter-active,.expand-transition-leave-active{transition:.3s cubic-bezier(.25,.8,.5,1)!important}.expand-transition-move{transition:transform .6s}.expand-x-transition-enter-active,.expand-x-transition-leave-active{transition:.3s cubic-bezier(.25,.8,.5,1)!important}.expand-x-transition-move{transition:transform .6s}.scale-transition-enter-active,.scale-transition-leave-active{transition:.3s cubic-bezier(.25,.8,.5,1)!important}.scale-transition-move{transition:transform .6s}.scale-transition-enter,.scale-transition-leave,.scale-transition-leave-to{opacity:0;transform:scale(0)}.scale-rotate-transition-enter-active,.scale-rotate-transition-leave-active{transition:.3s cubic-bezier(.25,.8,.5,1)!important}.scale-rotate-transition-move{transition:transform .6s}.scale-rotate-transition-enter,.scale-rotate-transition-leave,.scale-rotate-transition-leave-to{opacity:0;transform:scale(0) rotate(-45deg)}.scale-rotate-reverse-transition-enter-active,.scale-rotate-reverse-transition-leave-active{transition:.3s cubic-bezier(.25,.8,.5,1)!important}.scale-rotate-reverse-transition-move{transition:transform .6s}.scale-rotate-reverse-transition-enter,.scale-rotate-reverse-transition-leave,.scale-rotate-reverse-transition-leave-to{opacity:0;transform:scale(0) rotate(45deg)}.message-transition-enter-active,.message-transition-leave-active{transition:.3s cubic-bezier(.25,.8,.5,1)!important}.message-transition-move{transition:transform .6s}.message-transition-enter,.message-transition-leave-to{opacity:0;transform:translateY(-15px)}.message-transition-leave,.message-transition-leave-active{position:absolute}.slide-y-transition-enter-active,.slide-y-transition-leave-active{transition:.3s cubic-bezier(.25,.8,.5,1)!important}.slide-y-transition-move{transition:transform .6s}.slide-y-transition-enter,.slide-y-transition-leave-to{opacity:0;transform:translateY(-15px)}.slide-y-reverse-transition-enter-active,.slide-y-reverse-transition-leave-active{transition:.3s cubic-bezier(.25,.8,.5,1)!important}.slide-y-reverse-transition-move{transition:transform .6s}.slide-y-reverse-transition-enter,.slide-y-reverse-transition-leave-to{opacity:0;transform:translateY(15px)}.scroll-y-transition-enter-active,.scroll-y-transition-leave-active{transition:.3s cubic-bezier(.25,.8,.5,1)!important}.scroll-y-transition-move{transition:transform .6s}.scroll-y-transition-enter,.scroll-y-transition-leave-to{opacity:0}.scroll-y-transition-enter{transform:translateY(-15px)}.scroll-y-transition-leave-to{transform:translateY(15px)}.scroll-y-reverse-transition-enter-active,.scroll-y-reverse-transition-leave-active{transition:.3s cubic-bezier(.25,.8,.5,1)!important}.scroll-y-reverse-transition-move{transition:transform .6s}.scroll-y-reverse-transition-enter,.scroll-y-reverse-transition-leave-to{opacity:0}.scroll-y-reverse-transition-enter{transform:translateY(15px)}.scroll-y-reverse-transition-leave-to{transform:translateY(-15px)}.scroll-x-transition-enter-active,.scroll-x-transition-leave-active{transition:.3s cubic-bezier(.25,.8,.5,1)!important}.scroll-x-transition-move{transition:transform .6s}.scroll-x-transition-enter,.scroll-x-transition-leave-to{opacity:0}.scroll-x-transition-enter{transform:translateX(-15px)}.scroll-x-transition-leave-to{transform:translateX(15px)}.scroll-x-reverse-transition-enter-active,.scroll-x-reverse-transition-leave-active{transition:.3s cubic-bezier(.25,.8,.5,1)!important}.scroll-x-reverse-transition-move{transition:transform .6s}.scroll-x-reverse-transition-enter,.scroll-x-reverse-transition-leave-to{opacity:0}.scroll-x-reverse-transition-enter{transform:translateX(15px)}.scroll-x-reverse-transition-leave-to{transform:translateX(-15px)}.slide-x-transition-enter-active,.slide-x-transition-leave-active{transition:.3s cubic-bezier(.25,.8,.5,1)!important}.slide-x-transition-move{transition:transform .6s}.slide-x-transition-enter,.slide-x-transition-leave-to{opacity:0;transform:translateX(-15px)}.slide-x-reverse-transition-enter-active,.slide-x-reverse-transition-leave-active{transition:.3s cubic-bezier(.25,.8,.5,1)!important}.slide-x-reverse-transition-move{transition:transform .6s}.slide-x-reverse-transition-enter,.slide-x-reverse-transition-leave-to{opacity:0;transform:translateX(15px)}.fade-transition-enter-active,.fade-transition-leave-active{transition:.3s cubic-bezier(.25,.8,.5,1)!important}.fade-transition-move{transition:transform .6s}.fade-transition-enter,.fade-transition-leave-to{opacity:0!important}.fab-transition-enter-active,.fab-transition-leave-active{transition:.3s cubic-bezier(.25,.8,.5,1)!important}.fab-transition-move{transition:transform .6s}.fab-transition-enter,.fab-transition-leave-to{transform:scale(0) rotate(-45deg)}.v-application .blockquote{font-size:18px;font-weight:300;padding:16px 0 16px 24px}.v-application code,.v-application kbd{border-radius:3px;font-size:85%;font-weight:400}.v-application code{padding:.2em .4em}.v-application kbd{box-shadow:0 3px 1px -2px rgba(0,0,0,.2),0 2px 2px 0 rgba(0,0,0,.14),0 1px 5px 0 rgba(0,0,0,.12);padding:.2em .4rem}.theme--light.v-application code{background-color:rgba(0,0,0,.05);color:currentColor}.theme--light.v-application kbd{background:#212529;color:#fff}.theme--dark.v-application code{background-color:hsla(0,0%,100%,.1);color:currentColor}.theme--dark.v-application kbd{background:#212529;color:#fff}html{font-size:16px;overflow-x:hidden;text-rendering:optimizeLegibility;-webkit-font-smoothing:antialiased;-moz-osx-font-smoothing:grayscale;-webkit-tap-highlight-color:rgba(0,0,0,0)}html.overflow-y-hidden{overflow-y:hidden!important}.v-application{font-family:Nunito,sans-serif;line-height:1.5}.v-application ::-ms-clear,.v-application ::-ms-reveal{display:none}@supports(-webkit-touch-callout:none){body{cursor:pointer}}.v-application .theme--light.heading{color:rgba(0,0,0,.87)}.v-application .theme--dark.heading{color:#fff}.v-application ol,.v-application ul{padding-left:24px}.v-application .display-4{font-size:6rem!important;letter-spacing:-.015625em!important;line-height:6rem}.v-application .display-3,.v-application .display-4{font-family:Nunito,sans-serif!important;font-weight:300}.v-application .display-3{font-size:3.75rem!important;letter-spacing:-.0083333333em!important;line-height:3.75rem}.v-application .display-2{font-size:3rem!important;letter-spacing:normal!important;line-height:3.125rem}.v-application .display-1,.v-application .display-2{font-family:Nunito,sans-serif!important;font-weight:400}.v-application .display-1{font-size:2.125rem!important;letter-spacing:.0073529412em!important;line-height:2.5rem}.v-application .headline{font-size:1.5rem!important;font-weight:400;letter-spacing:normal!important}.v-application .headline,.v-application .title{font-family:Nunito,sans-serif!important;line-height:2rem}.v-application .title{font-size:1.25rem!important;font-weight:500;letter-spacing:.0125em!important}.v-application .subtitle-2{font-family:Nunito,sans-serif!important;font-size:.875rem!important;font-weight:500;letter-spacing:.0071428571em!important;line-height:1.375rem}.v-application .subtitle-1{font-size:1rem!important;letter-spacing:.009375em!important;line-height:1.75rem}.v-application .body-2,.v-application .subtitle-1{font-family:Nunito,sans-serif!important;font-weight:400}.v-application .body-2{font-size:.875rem!important;letter-spacing:.0178571429em!important;line-height:1.25rem}.v-application .body-1{font-size:1rem!important;letter-spacing:.03125em!important;line-height:1.5rem}.v-application .body-1,.v-application .caption{font-family:Nunito,sans-serif!important;font-weight:400}.v-application .caption{font-size:.75rem!important;letter-spacing:.0333333333em!important;line-height:1.25rem}.v-application .overline{font-family:Nunito,sans-serif!important;font-size:.75rem!important;font-weight:500;letter-spacing:.1666666667em!important;line-height:2rem;text-transform:uppercase}.v-application p{margin-bottom:16px}@media only print{.v-application .hidden-print-only{display:none!important}}@media only screen{.v-application .hidden-screen-only{display:none!important}}@media only screen and (max-width:599.98px){.v-application .hidden-xs-only{display:none!important}}@media only screen and (min-width:600px)and (max-width:959.98px){.v-application .hidden-sm-only{display:none!important}}@media only screen and (max-width:959.98px){.v-application .hidden-sm-and-down{display:none!important}}@media only screen and (min-width:600px){.v-application .hidden-sm-and-up{display:none!important}}@media only screen and (min-width:960px)and (max-width:1263.98px){.v-application .hidden-md-only{display:none!important}}@media only screen and (max-width:1263.98px){.v-application .hidden-md-and-down{display:none!important}}@media only screen and (min-width:960px){.v-application .hidden-md-and-up{display:none!important}}@media only screen and (min-width:1264px)and (max-width:1903.98px){.v-application .hidden-lg-only{display:none!important}}@media only screen and (max-width:1903.98px){.v-application .hidden-lg-and-down{display:none!important}}@media only screen and (min-width:1264px){.v-application .hidden-lg-and-up{display:none!important}}@media only screen and (min-width:1904px){.v-application .hidden-xl-only{display:none!important}}.d-sr-only,.d-sr-only-focusable:not(:focus){border:0!important;clip:rect(0,0,0,0)!important;height:1px!important;margin:-1px!important;overflow:hidden!important;padding:0!important;position:absolute!important;white-space:nowrap!important;width:1px!important}.v-application .font-weight-thin{font-weight:100!important}.v-application .font-weight-light{font-weight:300!important}.v-application .font-weight-regular{font-weight:400!important}.v-application .font-weight-medium{font-weight:500!important}.v-application .font-weight-bold{font-weight:700!important}.v-application .font-weight-black{font-weight:900!important}.v-application .font-italic{font-style:italic!important}.v-application .transition-fast-out-slow-in{transition:.3s cubic-bezier(.4,0,.2,1)!important}.v-application .transition-linear-out-slow-in{transition:.3s cubic-bezier(0,0,.2,1)!important}.v-application .transition-fast-out-linear-in{transition:.3s cubic-bezier(.4,0,1,1)!important}.v-application .transition-ease-in-out{transition:.3s cubic-bezier(.4,0,.6,1)!important}.v-application .transition-fast-in-fast-out{transition:.3s cubic-bezier(.25,.8,.25,1)!important}.v-application .transition-swing{transition:.3s cubic-bezier(.25,.8,.5,1)!important}.v-application .overflow-auto{overflow:auto!important}.v-application .overflow-hidden{overflow:hidden!important}.v-application .overflow-visible{overflow:visible!important}.v-application .overflow-x-auto{overflow-x:auto!important}.v-application .overflow-x-hidden{overflow-x:hidden!important}.v-application .overflow-y-auto{overflow-y:auto!important}.v-application .overflow-y-hidden{overflow-y:hidden!important}.v-application .d-none{display:none!important}.v-application .d-inline{display:inline!important}.v-application .d-inline-block{display:inline-block!important}.v-application .d-block{display:block!important}.v-application .d-table{display:table!important}.v-application .d-table-row{display:table-row!important}.v-application .d-table-cell{display:table-cell!important}.v-application .d-flex{display:flex!important}.v-application .d-inline-flex{display:inline-flex!important}.v-application .float-none{float:none!important}.v-application .float-left{float:left!important}.v-application .float-right{float:right!important}.v-application--is-rtl .float-end{float:left!important}.v-application--is-ltr .float-end,.v-application--is-rtl .float-start{float:right!important}.v-application--is-ltr .float-start{float:left!important}.v-application .flex-fill{flex:1 1 auto!important}.v-application .flex-row{flex-direction:row!important}.v-application .flex-column{flex-direction:column!important}.v-application .flex-row-reverse{flex-direction:row-reverse!important}.v-application .flex-column-reverse{flex-direction:column-reverse!important}.v-application .flex-grow-0{flex-grow:0!important}.v-application .flex-grow-1{flex-grow:1!important}.v-application .flex-shrink-0{flex-shrink:0!important}.v-application .flex-shrink-1{flex-shrink:1!important}.v-application .flex-wrap{flex-wrap:wrap!important}.v-application .flex-nowrap{flex-wrap:nowrap!important}.v-application .flex-wrap-reverse{flex-wrap:wrap-reverse!important}.v-application .justify-start{justify-content:flex-start!important}.v-application .justify-end{justify-content:flex-end!important}.v-application .justify-center{justify-content:center!important}.v-application .justify-space-between{justify-content:space-between!important}.v-application .justify-space-around{justify-content:space-around!important}.v-application .align-start{align-items:flex-start!important}.v-application .align-end{align-items:flex-end!important}.v-application .align-center{align-items:center!important}.v-application .align-baseline{align-items:baseline!important}.v-application .align-stretch{align-items:stretch!important}.v-application .align-content-start{align-content:flex-start!important}.v-application .align-content-end{align-content:flex-end!important}.v-application .align-content-center{align-content:center!important}.v-application .align-content-space-between{align-content:space-between!important}.v-application .align-content-space-around{align-content:space-around!important}.v-application .align-content-stretch{align-content:stretch!important}.v-application .align-self-auto{align-self:auto!important}.v-application .align-self-start{align-self:flex-start!important}.v-application .align-self-end{align-self:flex-end!important}.v-application .align-self-center{align-self:center!important}.v-application .align-self-baseline{align-self:baseline!important}.v-application .align-self-stretch{align-self:stretch!important}.v-application .order-first{order:-1!important}.v-application .order-0{order:0!important}.v-application .order-1{order:1!important}.v-application .order-2{order:2!important}.v-application .order-3{order:3!important}.v-application .order-4{order:4!important}.v-application .order-5{order:5!important}.v-application .order-6{order:6!important}.v-application .order-7{order:7!important}.v-application .order-8{order:8!important}.v-application .order-9{order:9!important}.v-application .order-10{order:10!important}.v-application .order-11{order:11!important}.v-application .order-12{order:12!important}.v-application .order-last{order:13!important}.v-application .ma-0{margin:0!important}.v-application .ma-1{margin:4px!important}.v-application .ma-2{margin:8px!important}.v-application .ma-3{margin:12px!important}.v-application .ma-4{margin:16px!important}.v-application .ma-5{margin:20px!important}.v-application .ma-6{margin:24px!important}.v-application .ma-7{margin:28px!important}.v-application .ma-8{margin:32px!important}.v-application .ma-9{margin:36px!important}.v-application .ma-10{margin:40px!important}.v-application .ma-11{margin:44px!important}.v-application .ma-12{margin:48px!important}.v-application .ma-13{margin:52px!important}.v-application .ma-14{margin:56px!important}.v-application .ma-15{margin:60px!important}.v-application .ma-16{margin:64px!important}.v-application .ma-auto{margin:auto!important}.v-application .mx-0{margin-left:0!important;margin-right:0!important}.v-application .mx-1{margin-left:4px!important;margin-right:4px!important}.v-application .mx-2{margin-left:8px!important;margin-right:8px!important}.v-application .mx-3{margin-left:12px!important;margin-right:12px!important}.v-application .mx-4{margin-left:16px!important;margin-right:16px!important}.v-application .mx-5{margin-left:20px!important;margin-right:20px!important}.v-application .mx-6{margin-left:24px!important;margin-right:24px!important}.v-application .mx-7{margin-left:28px!important;margin-right:28px!important}.v-application .mx-8{margin-left:32px!important;margin-right:32px!important}.v-application .mx-9{margin-left:36px!important;margin-right:36px!important}.v-application .mx-10{margin-left:40px!important;margin-right:40px!important}.v-application .mx-11{margin-left:44px!important;margin-right:44px!important}.v-application .mx-12{margin-left:48px!important;margin-right:48px!important}.v-application .mx-13{margin-left:52px!important;margin-right:52px!important}.v-application .mx-14{margin-left:56px!important;margin-right:56px!important}.v-application .mx-15{margin-left:60px!important;margin-right:60px!important}.v-application .mx-16{margin-left:64px!important;margin-right:64px!important}.v-application .mx-auto{margin-left:auto!important;margin-right:auto!important}.v-application .my-0{margin-bottom:0!important;margin-top:0!important}.v-application .my-1{margin-bottom:4px!important;margin-top:4px!important}.v-application .my-2{margin-bottom:8px!important;margin-top:8px!important}.v-application .my-3{margin-bottom:12px!important;margin-top:12px!important}.v-application .my-4{margin-bottom:16px!important;margin-top:16px!important}.v-application .my-5{margin-bottom:20px!important;margin-top:20px!important}.v-application .my-6{margin-bottom:24px!important;margin-top:24px!important}.v-application .my-7{margin-bottom:28px!important;margin-top:28px!important}.v-application .my-8{margin-bottom:32px!important;margin-top:32px!important}.v-application .my-9{margin-bottom:36px!important;margin-top:36px!important}.v-application .my-10{margin-bottom:40px!important;margin-top:40px!important}.v-application .my-11{margin-bottom:44px!important;margin-top:44px!important}.v-application .my-12{margin-bottom:48px!important;margin-top:48px!important}.v-application .my-13{margin-bottom:52px!important;margin-top:52px!important}.v-application .my-14{margin-bottom:56px!important;margin-top:56px!important}.v-application .my-15{margin-bottom:60px!important;margin-top:60px!important}.v-application .my-16{margin-bottom:64px!important;margin-top:64px!important}.v-application .my-auto{margin-bottom:auto!important;margin-top:auto!important}.v-application .mt-0{margin-top:0!important}.v-application .mt-1{margin-top:4px!important}.v-application .mt-2{margin-top:8px!important}.v-application .mt-3{margin-top:12px!important}.v-application .mt-4{margin-top:16px!important}.v-application .mt-5{margin-top:20px!important}.v-application .mt-6{margin-top:24px!important}.v-application .mt-7{margin-top:28px!important}.v-application .mt-8{margin-top:32px!important}.v-application .mt-9{margin-top:36px!important}.v-application .mt-10{margin-top:40px!important}.v-application .mt-11{margin-top:44px!important}.v-application .mt-12{margin-top:48px!important}.v-application .mt-13{margin-top:52px!important}.v-application .mt-14{margin-top:56px!important}.v-application .mt-15{margin-top:60px!important}.v-application .mt-16{margin-top:64px!important}.v-application .mt-auto{margin-top:auto!important}.v-application .mr-0{margin-right:0!important}.v-application .mr-1{margin-right:4px!important}.v-application .mr-2{margin-right:8px!important}.v-application .mr-3{margin-right:12px!important}.v-application .mr-4{margin-right:16px!important}.v-application .mr-5{margin-right:20px!important}.v-application .mr-6{margin-right:24px!important}.v-application .mr-7{margin-right:28px!important}.v-application .mr-8{margin-right:32px!important}.v-application .mr-9{margin-right:36px!important}.v-application .mr-10{margin-right:40px!important}.v-application .mr-11{margin-right:44px!important}.v-application .mr-12{margin-right:48px!important}.v-application .mr-13{margin-right:52px!important}.v-application .mr-14{margin-right:56px!important}.v-application .mr-15{margin-right:60px!important}.v-application .mr-16{margin-right:64px!important}.v-application .mr-auto{margin-right:auto!important}.v-application .mb-0{margin-bottom:0!important}.v-application .mb-1{margin-bottom:4px!important}.v-application .mb-2{margin-bottom:8px!important}.v-application .mb-3{margin-bottom:12px!important}.v-application .mb-4{margin-bottom:16px!important}.v-application .mb-5{margin-bottom:20px!important}.v-application .mb-6{margin-bottom:24px!important}.v-application .mb-7{margin-bottom:28px!important}.v-application .mb-8{margin-bottom:32px!important}.v-application .mb-9{margin-bottom:36px!important}.v-application .mb-10{margin-bottom:40px!important}.v-application .mb-11{margin-bottom:44px!important}.v-application .mb-12{margin-bottom:48px!important}.v-application .mb-13{margin-bottom:52px!important}.v-application .mb-14{margin-bottom:56px!important}.v-application .mb-15{margin-bottom:60px!important}.v-application .mb-16{margin-bottom:64px!important}.v-application .mb-auto{margin-bottom:auto!important}.v-application .ml-0{margin-left:0!important}.v-application .ml-1{margin-left:4px!important}.v-application .ml-2{margin-left:8px!important}.v-application .ml-3{margin-left:12px!important}.v-application .ml-4{margin-left:16px!important}.v-application .ml-5{margin-left:20px!important}.v-application .ml-6{margin-left:24px!important}.v-application .ml-7{margin-left:28px!important}.v-application .ml-8{margin-left:32px!important}.v-application .ml-9{margin-left:36px!important}.v-application .ml-10{margin-left:40px!important}.v-application .ml-11{margin-left:44px!important}.v-application .ml-12{margin-left:48px!important}.v-application .ml-13{margin-left:52px!important}.v-application .ml-14{margin-left:56px!important}.v-application .ml-15{margin-left:60px!important}.v-application .ml-16{margin-left:64px!important}.v-application .ml-auto{margin-left:auto!important}.v-application--is-ltr .ms-0{margin-left:0!important}.v-application--is-rtl .ms-0{margin-right:0!important}.v-application--is-ltr .ms-1{margin-left:4px!important}.v-application--is-rtl .ms-1{margin-right:4px!important}.v-application--is-ltr .ms-2{margin-left:8px!important}.v-application--is-rtl .ms-2{margin-right:8px!important}.v-application--is-ltr .ms-3{margin-left:12px!important}.v-application--is-rtl .ms-3{margin-right:12px!important}.v-application--is-ltr .ms-4{margin-left:16px!important}.v-application--is-rtl .ms-4{margin-right:16px!important}.v-application--is-ltr .ms-5{margin-left:20px!important}.v-application--is-rtl .ms-5{margin-right:20px!important}.v-application--is-ltr .ms-6{margin-left:24px!important}.v-application--is-rtl .ms-6{margin-right:24px!important}.v-application--is-ltr .ms-7{margin-left:28px!important}.v-application--is-rtl .ms-7{margin-right:28px!important}.v-application--is-ltr .ms-8{margin-left:32px!important}.v-application--is-rtl .ms-8{margin-right:32px!important}.v-application--is-ltr .ms-9{margin-left:36px!important}.v-application--is-rtl .ms-9{margin-right:36px!important}.v-application--is-ltr .ms-10{margin-left:40px!important}.v-application--is-rtl .ms-10{margin-right:40px!important}.v-application--is-ltr .ms-11{margin-left:44px!important}.v-application--is-rtl .ms-11{margin-right:44px!important}.v-application--is-ltr .ms-12{margin-left:48px!important}.v-application--is-rtl .ms-12{margin-right:48px!important}.v-application--is-ltr .ms-13{margin-left:52px!important}.v-application--is-rtl .ms-13{margin-right:52px!important}.v-application--is-ltr .ms-14{margin-left:56px!important}.v-application--is-rtl .ms-14{margin-right:56px!important}.v-application--is-ltr .ms-15{margin-left:60px!important}.v-application--is-rtl .ms-15{margin-right:60px!important}.v-application--is-ltr .ms-16{margin-left:64px!important}.v-application--is-rtl .ms-16{margin-right:64px!important}.v-application--is-ltr .ms-auto{margin-left:auto!important}.v-application--is-rtl .ms-auto{margin-right:auto!important}.v-application--is-ltr .me-0{margin-right:0!important}.v-application--is-rtl .me-0{margin-left:0!important}.v-application--is-ltr .me-1{margin-right:4px!important}.v-application--is-rtl .me-1{margin-left:4px!important}.v-application--is-ltr .me-2{margin-right:8px!important}.v-application--is-rtl .me-2{margin-left:8px!important}.v-application--is-ltr .me-3{margin-right:12px!important}.v-application--is-rtl .me-3{margin-left:12px!important}.v-application--is-ltr .me-4{margin-right:16px!important}.v-application--is-rtl .me-4{margin-left:16px!important}.v-application--is-ltr .me-5{margin-right:20px!important}.v-application--is-rtl .me-5{margin-left:20px!important}.v-application--is-ltr .me-6{margin-right:24px!important}.v-application--is-rtl .me-6{margin-left:24px!important}.v-application--is-ltr .me-7{margin-right:28px!important}.v-application--is-rtl .me-7{margin-left:28px!important}.v-application--is-ltr .me-8{margin-right:32px!important}.v-application--is-rtl .me-8{margin-left:32px!important}.v-application--is-ltr .me-9{margin-right:36px!important}.v-application--is-rtl .me-9{margin-left:36px!important}.v-application--is-ltr .me-10{margin-right:40px!important}.v-application--is-rtl .me-10{margin-left:40px!important}.v-application--is-ltr .me-11{margin-right:44px!important}.v-application--is-rtl .me-11{margin-left:44px!important}.v-application--is-ltr .me-12{margin-right:48px!important}.v-application--is-rtl .me-12{margin-left:48px!important}.v-application--is-ltr .me-13{margin-right:52px!important}.v-application--is-rtl .me-13{margin-left:52px!important}.v-application--is-ltr .me-14{margin-right:56px!important}.v-application--is-rtl .me-14{margin-left:56px!important}.v-application--is-ltr .me-15{margin-right:60px!important}.v-application--is-rtl .me-15{margin-left:60px!important}.v-application--is-ltr .me-16{margin-right:64px!important}.v-application--is-rtl .me-16{margin-left:64px!important}.v-application--is-ltr .me-auto{margin-right:auto!important}.v-application--is-rtl .me-auto{margin-left:auto!important}.v-application .ma-n1{margin:-4px!important}.v-application .ma-n2{margin:-8px!important}.v-application .ma-n3{margin:-12px!important}.v-application .ma-n4{margin:-16px!important}.v-application .ma-n5{margin:-20px!important}.v-application .ma-n6{margin:-24px!important}.v-application .ma-n7{margin:-28px!important}.v-application .ma-n8{margin:-32px!important}.v-application .ma-n9{margin:-36px!important}.v-application .ma-n10{margin:-40px!important}.v-application .ma-n11{margin:-44px!important}.v-application .ma-n12{margin:-48px!important}.v-application .ma-n13{margin:-52px!important}.v-application .ma-n14{margin:-56px!important}.v-application .ma-n15{margin:-60px!important}.v-application .ma-n16{margin:-64px!important}.v-application .mx-n1{margin-left:-4px!important;margin-right:-4px!important}.v-application .mx-n2{margin-left:-8px!important;margin-right:-8px!important}.v-application .mx-n3{margin-left:-12px!important;margin-right:-12px!important}.v-application .mx-n4{margin-left:-16px!important;margin-right:-16px!important}.v-application .mx-n5{margin-left:-20px!important;margin-right:-20px!important}.v-application .mx-n6{margin-left:-24px!important;margin-right:-24px!important}.v-application .mx-n7{margin-left:-28px!important;margin-right:-28px!important}.v-application .mx-n8{margin-left:-32px!important;margin-right:-32px!important}.v-application .mx-n9{margin-left:-36px!important;margin-right:-36px!important}.v-application .mx-n10{margin-left:-40px!important;margin-right:-40px!important}.v-application .mx-n11{margin-left:-44px!important;margin-right:-44px!important}.v-application .mx-n12{margin-left:-48px!important;margin-right:-48px!important}.v-application .mx-n13{margin-left:-52px!important;margin-right:-52px!important}.v-application .mx-n14{margin-left:-56px!important;margin-right:-56px!important}.v-application .mx-n15{margin-left:-60px!important;margin-right:-60px!important}.v-application .mx-n16{margin-left:-64px!important;margin-right:-64px!important}.v-application .my-n1{margin-bottom:-4px!important;margin-top:-4px!important}.v-application .my-n2{margin-bottom:-8px!important;margin-top:-8px!important}.v-application .my-n3{margin-bottom:-12px!important;margin-top:-12px!important}.v-application .my-n4{margin-bottom:-16px!important;margin-top:-16px!important}.v-application .my-n5{margin-bottom:-20px!important;margin-top:-20px!important}.v-application .my-n6{margin-bottom:-24px!important;margin-top:-24px!important}.v-application .my-n7{margin-bottom:-28px!important;margin-top:-28px!important}.v-application .my-n8{margin-bottom:-32px!important;margin-top:-32px!important}.v-application .my-n9{margin-bottom:-36px!important;margin-top:-36px!important}.v-application .my-n10{margin-bottom:-40px!important;margin-top:-40px!important}.v-application .my-n11{margin-bottom:-44px!important;margin-top:-44px!important}.v-application .my-n12{margin-bottom:-48px!important;margin-top:-48px!important}.v-application .my-n13{margin-bottom:-52px!important;margin-top:-52px!important}.v-application .my-n14{margin-bottom:-56px!important;margin-top:-56px!important}.v-application .my-n15{margin-bottom:-60px!important;margin-top:-60px!important}.v-application .my-n16{margin-bottom:-64px!important;margin-top:-64px!important}.v-application .mt-n1{margin-top:-4px!important}.v-application .mt-n2{margin-top:-8px!important}.v-application .mt-n3{margin-top:-12px!important}.v-application .mt-n4{margin-top:-16px!important}.v-application .mt-n5{margin-top:-20px!important}.v-application .mt-n6{margin-top:-24px!important}.v-application .mt-n7{margin-top:-28px!important}.v-application .mt-n8{margin-top:-32px!important}.v-application .mt-n9{margin-top:-36px!important}.v-application .mt-n10{margin-top:-40px!important}.v-application .mt-n11{margin-top:-44px!important}.v-application .mt-n12{margin-top:-48px!important}.v-application .mt-n13{margin-top:-52px!important}.v-application .mt-n14{margin-top:-56px!important}.v-application .mt-n15{margin-top:-60px!important}.v-application .mt-n16{margin-top:-64px!important}.v-application .mr-n1{margin-right:-4px!important}.v-application .mr-n2{margin-right:-8px!important}.v-application .mr-n3{margin-right:-12px!important}.v-application .mr-n4{margin-right:-16px!important}.v-application .mr-n5{margin-right:-20px!important}.v-application .mr-n6{margin-right:-24px!important}.v-application .mr-n7{margin-right:-28px!important}.v-application .mr-n8{margin-right:-32px!important}.v-application .mr-n9{margin-right:-36px!important}.v-application .mr-n10{margin-right:-40px!important}.v-application .mr-n11{margin-right:-44px!important}.v-application .mr-n12{margin-right:-48px!important}.v-application .mr-n13{margin-right:-52px!important}.v-application .mr-n14{margin-right:-56px!important}.v-application .mr-n15{margin-right:-60px!important}.v-application .mr-n16{margin-right:-64px!important}.v-application .mb-n1{margin-bottom:-4px!important}.v-application .mb-n2{margin-bottom:-8px!important}.v-application .mb-n3{margin-bottom:-12px!important}.v-application .mb-n4{margin-bottom:-16px!important}.v-application .mb-n5{margin-bottom:-20px!important}.v-application .mb-n6{margin-bottom:-24px!important}.v-application .mb-n7{margin-bottom:-28px!important}.v-application .mb-n8{margin-bottom:-32px!important}.v-application .mb-n9{margin-bottom:-36px!important}.v-application .mb-n10{margin-bottom:-40px!important}.v-application .mb-n11{margin-bottom:-44px!important}.v-application .mb-n12{margin-bottom:-48px!important}.v-application .mb-n13{margin-bottom:-52px!important}.v-application .mb-n14{margin-bottom:-56px!important}.v-application .mb-n15{margin-bottom:-60px!important}.v-application .mb-n16{margin-bottom:-64px!important}.v-application .ml-n1{margin-left:-4px!important}.v-application .ml-n2{margin-left:-8px!important}.v-application .ml-n3{margin-left:-12px!important}.v-application .ml-n4{margin-left:-16px!important}.v-application .ml-n5{margin-left:-20px!important}.v-application .ml-n6{margin-left:-24px!important}.v-application .ml-n7{margin-left:-28px!important}.v-application .ml-n8{margin-left:-32px!important}.v-application .ml-n9{margin-left:-36px!important}.v-application .ml-n10{margin-left:-40px!important}.v-application .ml-n11{margin-left:-44px!important}.v-application .ml-n12{margin-left:-48px!important}.v-application .ml-n13{margin-left:-52px!important}.v-application .ml-n14{margin-left:-56px!important}.v-application .ml-n15{margin-left:-60px!important}.v-application .ml-n16{margin-left:-64px!important}.v-application--is-ltr .ms-n1{margin-left:-4px!important}.v-application--is-rtl .ms-n1{margin-right:-4px!important}.v-application--is-ltr .ms-n2{margin-left:-8px!important}.v-application--is-rtl .ms-n2{margin-right:-8px!important}.v-application--is-ltr .ms-n3{margin-left:-12px!important}.v-application--is-rtl .ms-n3{margin-right:-12px!important}.v-application--is-ltr .ms-n4{margin-left:-16px!important}.v-application--is-rtl .ms-n4{margin-right:-16px!important}.v-application--is-ltr .ms-n5{margin-left:-20px!important}.v-application--is-rtl .ms-n5{margin-right:-20px!important}.v-application--is-ltr .ms-n6{margin-left:-24px!important}.v-application--is-rtl .ms-n6{margin-right:-24px!important}.v-application--is-ltr .ms-n7{margin-left:-28px!important}.v-application--is-rtl .ms-n7{margin-right:-28px!important}.v-application--is-ltr .ms-n8{margin-left:-32px!important}.v-application--is-rtl .ms-n8{margin-right:-32px!important}.v-application--is-ltr .ms-n9{margin-left:-36px!important}.v-application--is-rtl .ms-n9{margin-right:-36px!important}.v-application--is-ltr .ms-n10{margin-left:-40px!important}.v-application--is-rtl .ms-n10{margin-right:-40px!important}.v-application--is-ltr .ms-n11{margin-left:-44px!important}.v-application--is-rtl .ms-n11{margin-right:-44px!important}.v-application--is-ltr .ms-n12{margin-left:-48px!important}.v-application--is-rtl .ms-n12{margin-right:-48px!important}.v-application--is-ltr .ms-n13{margin-left:-52px!important}.v-application--is-rtl .ms-n13{margin-right:-52px!important}.v-application--is-ltr .ms-n14{margin-left:-56px!important}.v-application--is-rtl .ms-n14{margin-right:-56px!important}.v-application--is-ltr .ms-n15{margin-left:-60px!important}.v-application--is-rtl .ms-n15{margin-right:-60px!important}.v-application--is-ltr .ms-n16{margin-left:-64px!important}.v-application--is-rtl .ms-n16{margin-right:-64px!important}.v-application--is-ltr .me-n1{margin-right:-4px!important}.v-application--is-rtl .me-n1{margin-left:-4px!important}.v-application--is-ltr .me-n2{margin-right:-8px!important}.v-application--is-rtl .me-n2{margin-left:-8px!important}.v-application--is-ltr .me-n3{margin-right:-12px!important}.v-application--is-rtl .me-n3{margin-left:-12px!important}.v-application--is-ltr .me-n4{margin-right:-16px!important}.v-application--is-rtl .me-n4{margin-left:-16px!important}.v-application--is-ltr .me-n5{margin-right:-20px!important}.v-application--is-rtl .me-n5{margin-left:-20px!important}.v-application--is-ltr .me-n6{margin-right:-24px!important}.v-application--is-rtl .me-n6{margin-left:-24px!important}.v-application--is-ltr .me-n7{margin-right:-28px!important}.v-application--is-rtl .me-n7{margin-left:-28px!important}.v-application--is-ltr .me-n8{margin-right:-32px!important}.v-application--is-rtl .me-n8{margin-left:-32px!important}.v-application--is-ltr .me-n9{margin-right:-36px!important}.v-application--is-rtl .me-n9{margin-left:-36px!important}.v-application--is-ltr .me-n10{margin-right:-40px!important}.v-application--is-rtl .me-n10{margin-left:-40px!important}.v-application--is-ltr .me-n11{margin-right:-44px!important}.v-application--is-rtl .me-n11{margin-left:-44px!important}.v-application--is-ltr .me-n12{margin-right:-48px!important}.v-application--is-rtl .me-n12{margin-left:-48px!important}.v-application--is-ltr .me-n13{margin-right:-52px!important}.v-application--is-rtl .me-n13{margin-left:-52px!important}.v-application--is-ltr .me-n14{margin-right:-56px!important}.v-application--is-rtl .me-n14{margin-left:-56px!important}.v-application--is-ltr .me-n15{margin-right:-60px!important}.v-application--is-rtl .me-n15{margin-left:-60px!important}.v-application--is-ltr .me-n16{margin-right:-64px!important}.v-application--is-rtl .me-n16{margin-left:-64px!important}.v-application .pa-0{padding:0!important}.v-application .pa-1{padding:4px!important}.v-application .pa-2{padding:8px!important}.v-application .pa-3{padding:12px!important}.v-application .pa-4{padding:16px!important}.v-application .pa-5{padding:20px!important}.v-application .pa-6{padding:24px!important}.v-application .pa-7{padding:28px!important}.v-application .pa-8{padding:32px!important}.v-application .pa-9{padding:36px!important}.v-application .pa-10{padding:40px!important}.v-application .pa-11{padding:44px!important}.v-application .pa-12{padding:48px!important}.v-application .pa-13{padding:52px!important}.v-application .pa-14{padding:56px!important}.v-application .pa-15{padding:60px!important}.v-application .pa-16{padding:64px!important}.v-application .px-0{padding-left:0!important;padding-right:0!important}.v-application .px-1{padding-left:4px!important;padding-right:4px!important}.v-application .px-2{padding-left:8px!important;padding-right:8px!important}.v-application .px-3{padding-left:12px!important;padding-right:12px!important}.v-application .px-4{padding-left:16px!important;padding-right:16px!important}.v-application .px-5{padding-left:20px!important;padding-right:20px!important}.v-application .px-6{padding-left:24px!important;padding-right:24px!important}.v-application .px-7{padding-left:28px!important;padding-right:28px!important}.v-application .px-8{padding-left:32px!important;padding-right:32px!important}.v-application .px-9{padding-left:36px!important;padding-right:36px!important}.v-application .px-10{padding-left:40px!important;padding-right:40px!important}.v-application .px-11{padding-left:44px!important;padding-right:44px!important}.v-application .px-12{padding-left:48px!important;padding-right:48px!important}.v-application .px-13{padding-left:52px!important;padding-right:52px!important}.v-application .px-14{padding-left:56px!important;padding-right:56px!important}.v-application .px-15{padding-left:60px!important;padding-right:60px!important}.v-application .px-16{padding-left:64px!important;padding-right:64px!important}.v-application .py-0{padding-bottom:0!important;padding-top:0!important}.v-application .py-1{padding-bottom:4px!important;padding-top:4px!important}.v-application .py-2{padding-bottom:8px!important;padding-top:8px!important}.v-application .py-3{padding-bottom:12px!important;padding-top:12px!important}.v-application .py-4{padding-bottom:16px!important;padding-top:16px!important}.v-application .py-5{padding-bottom:20px!important;padding-top:20px!important}.v-application .py-6{padding-bottom:24px!important;padding-top:24px!important}.v-application .py-7{padding-bottom:28px!important;padding-top:28px!important}.v-application .py-8{padding-bottom:32px!important;padding-top:32px!important}.v-application .py-9{padding-bottom:36px!important;padding-top:36px!important}.v-application .py-10{padding-bottom:40px!important;padding-top:40px!important}.v-application .py-11{padding-bottom:44px!important;padding-top:44px!important}.v-application .py-12{padding-bottom:48px!important;padding-top:48px!important}.v-application .py-13{padding-bottom:52px!important;padding-top:52px!important}.v-application .py-14{padding-bottom:56px!important;padding-top:56px!important}.v-application .py-15{padding-bottom:60px!important;padding-top:60px!important}.v-application .py-16{padding-bottom:64px!important;padding-top:64px!important}.v-application .pt-0{padding-top:0!important}.v-application .pt-1{padding-top:4px!important}.v-application .pt-2{padding-top:8px!important}.v-application .pt-3{padding-top:12px!important}.v-application .pt-4{padding-top:16px!important}.v-application .pt-5{padding-top:20px!important}.v-application .pt-6{padding-top:24px!important}.v-application .pt-7{padding-top:28px!important}.v-application .pt-8{padding-top:32px!important}.v-application .pt-9{padding-top:36px!important}.v-application .pt-10{padding-top:40px!important}.v-application .pt-11{padding-top:44px!important}.v-application .pt-12{padding-top:48px!important}.v-application .pt-13{padding-top:52px!important}.v-application .pt-14{padding-top:56px!important}.v-application .pt-15{padding-top:60px!important}.v-application .pt-16{padding-top:64px!important}.v-application .pr-0{padding-right:0!important}.v-application .pr-1{padding-right:4px!important}.v-application .pr-2{padding-right:8px!important}.v-application .pr-3{padding-right:12px!important}.v-application .pr-4{padding-right:16px!important}.v-application .pr-5{padding-right:20px!important}.v-application .pr-6{padding-right:24px!important}.v-application .pr-7{padding-right:28px!important}.v-application .pr-8{padding-right:32px!important}.v-application .pr-9{padding-right:36px!important}.v-application .pr-10{padding-right:40px!important}.v-application .pr-11{padding-right:44px!important}.v-application .pr-12{padding-right:48px!important}.v-application .pr-13{padding-right:52px!important}.v-application .pr-14{padding-right:56px!important}.v-application .pr-15{padding-right:60px!important}.v-application .pr-16{padding-right:64px!important}.v-application .pb-0{padding-bottom:0!important}.v-application .pb-1{padding-bottom:4px!important}.v-application .pb-2{padding-bottom:8px!important}.v-application .pb-3{padding-bottom:12px!important}.v-application .pb-4{padding-bottom:16px!important}.v-application .pb-5{padding-bottom:20px!important}.v-application .pb-6{padding-bottom:24px!important}.v-application .pb-7{padding-bottom:28px!important}.v-application .pb-8{padding-bottom:32px!important}.v-application .pb-9{padding-bottom:36px!important}.v-application .pb-10{padding-bottom:40px!important}.v-application .pb-11{padding-bottom:44px!important}.v-application .pb-12{padding-bottom:48px!important}.v-application .pb-13{padding-bottom:52px!important}.v-application .pb-14{padding-bottom:56px!important}.v-application .pb-15{padding-bottom:60px!important}.v-application .pb-16{padding-bottom:64px!important}.v-application .pl-0{padding-left:0!important}.v-application .pl-1{padding-left:4px!important}.v-application .pl-2{padding-left:8px!important}.v-application .pl-3{padding-left:12px!important}.v-application .pl-4{padding-left:16px!important}.v-application .pl-5{padding-left:20px!important}.v-application .pl-6{padding-left:24px!important}.v-application .pl-7{padding-left:28px!important}.v-application .pl-8{padding-left:32px!important}.v-application .pl-9{padding-left:36px!important}.v-application .pl-10{padding-left:40px!important}.v-application .pl-11{padding-left:44px!important}.v-application .pl-12{padding-left:48px!important}.v-application .pl-13{padding-left:52px!important}.v-application .pl-14{padding-left:56px!important}.v-application .pl-15{padding-left:60px!important}.v-application .pl-16{padding-left:64px!important}.v-application--is-ltr .ps-0{padding-left:0!important}.v-application--is-rtl .ps-0{padding-right:0!important}.v-application--is-ltr .ps-1{padding-left:4px!important}.v-application--is-rtl .ps-1{padding-right:4px!important}.v-application--is-ltr .ps-2{padding-left:8px!important}.v-application--is-rtl .ps-2{padding-right:8px!important}.v-application--is-ltr .ps-3{padding-left:12px!important}.v-application--is-rtl .ps-3{padding-right:12px!important}.v-application--is-ltr .ps-4{padding-left:16px!important}.v-application--is-rtl .ps-4{padding-right:16px!important}.v-application--is-ltr .ps-5{padding-left:20px!important}.v-application--is-rtl .ps-5{padding-right:20px!important}.v-application--is-ltr .ps-6{padding-left:24px!important}.v-application--is-rtl .ps-6{padding-right:24px!important}.v-application--is-ltr .ps-7{padding-left:28px!important}.v-application--is-rtl .ps-7{padding-right:28px!important}.v-application--is-ltr .ps-8{padding-left:32px!important}.v-application--is-rtl .ps-8{padding-right:32px!important}.v-application--is-ltr .ps-9{padding-left:36px!important}.v-application--is-rtl .ps-9{padding-right:36px!important}.v-application--is-ltr .ps-10{padding-left:40px!important}.v-application--is-rtl .ps-10{padding-right:40px!important}.v-application--is-ltr .ps-11{padding-left:44px!important}.v-application--is-rtl .ps-11{padding-right:44px!important}.v-application--is-ltr .ps-12{padding-left:48px!important}.v-application--is-rtl .ps-12{padding-right:48px!important}.v-application--is-ltr .ps-13{padding-left:52px!important}.v-application--is-rtl .ps-13{padding-right:52px!important}.v-application--is-ltr .ps-14{padding-left:56px!important}.v-application--is-rtl .ps-14{padding-right:56px!important}.v-application--is-ltr .ps-15{padding-left:60px!important}.v-application--is-rtl .ps-15{padding-right:60px!important}.v-application--is-ltr .ps-16{padding-left:64px!important}.v-application--is-rtl .ps-16{padding-right:64px!important}.v-application--is-ltr .pe-0{padding-right:0!important}.v-application--is-rtl .pe-0{padding-left:0!important}.v-application--is-ltr .pe-1{padding-right:4px!important}.v-application--is-rtl .pe-1{padding-left:4px!important}.v-application--is-ltr .pe-2{padding-right:8px!important}.v-application--is-rtl .pe-2{padding-left:8px!important}.v-application--is-ltr .pe-3{padding-right:12px!important}.v-application--is-rtl .pe-3{padding-left:12px!important}.v-application--is-ltr .pe-4{padding-right:16px!important}.v-application--is-rtl .pe-4{padding-left:16px!important}.v-application--is-ltr .pe-5{padding-right:20px!important}.v-application--is-rtl .pe-5{padding-left:20px!important}.v-application--is-ltr .pe-6{padding-right:24px!important}.v-application--is-rtl .pe-6{padding-left:24px!important}.v-application--is-ltr .pe-7{padding-right:28px!important}.v-application--is-rtl .pe-7{padding-left:28px!important}.v-application--is-ltr .pe-8{padding-right:32px!important}.v-application--is-rtl .pe-8{padding-left:32px!important}.v-application--is-ltr .pe-9{padding-right:36px!important}.v-application--is-rtl .pe-9{padding-left:36px!important}.v-application--is-ltr .pe-10{padding-right:40px!important}.v-application--is-rtl .pe-10{padding-left:40px!important}.v-application--is-ltr .pe-11{padding-right:44px!important}.v-application--is-rtl .pe-11{padding-left:44px!important}.v-application--is-ltr .pe-12{padding-right:48px!important}.v-application--is-rtl .pe-12{padding-left:48px!important}.v-application--is-ltr .pe-13{padding-right:52px!important}.v-application--is-rtl .pe-13{padding-left:52px!important}.v-application--is-ltr .pe-14{padding-right:56px!important}.v-application--is-rtl .pe-14{padding-left:56px!important}.v-application--is-ltr .pe-15{padding-right:60px!important}.v-application--is-rtl .pe-15{padding-left:60px!important}.v-application--is-ltr .pe-16{padding-right:64px!important}.v-application--is-rtl .pe-16{padding-left:64px!important}.v-application .rounded-0{border-radius:0!important}.v-application .rounded-sm{border-radius:2px!important}.v-application .rounded{border-radius:4px!important}.v-application .rounded-lg{border-radius:8px!important}.v-application .rounded-xl{border-radius:16px!important}.v-application .rounded-xxl{border-radius:24px!important}.v-application .rounded-pill{border-radius:9999px!important}.v-application .rounded-circle{border-radius:50%!important}.v-application .rounded-t-0{border-top-left-radius:0!important;border-top-right-radius:0!important}.v-application .rounded-t-sm{border-top-left-radius:2px!important;border-top-right-radius:2px!important}.v-application .rounded-t{border-top-left-radius:4px!important;border-top-right-radius:4px!important}.v-application .rounded-t-lg{border-top-left-radius:8px!important;border-top-right-radius:8px!important}.v-application .rounded-t-xl{border-top-left-radius:16px!important;border-top-right-radius:16px!important}.v-application .rounded-t-xxl{border-top-left-radius:24px!important;border-top-right-radius:24px!important}.v-application .rounded-t-pill{border-top-left-radius:9999px!important;border-top-right-radius:9999px!important}.v-application .rounded-t-circle{border-top-left-radius:50%!important;border-top-right-radius:50%!important}.v-application .rounded-r-0{border-bottom-right-radius:0!important;border-top-right-radius:0!important}.v-application .rounded-r-sm{border-bottom-right-radius:2px!important;border-top-right-radius:2px!important}.v-application .rounded-r{border-bottom-right-radius:4px!important;border-top-right-radius:4px!important}.v-application .rounded-r-lg{border-bottom-right-radius:8px!important;border-top-right-radius:8px!important}.v-application .rounded-r-xl{border-bottom-right-radius:16px!important;border-top-right-radius:16px!important}.v-application .rounded-r-xxl{border-bottom-right-radius:24px!important;border-top-right-radius:24px!important}.v-application .rounded-r-pill{border-bottom-right-radius:9999px!important;border-top-right-radius:9999px!important}.v-application .rounded-r-circle{border-bottom-right-radius:50%!important;border-top-right-radius:50%!important}.v-application .rounded-b-0{border-bottom-left-radius:0!important;border-bottom-right-radius:0!important}.v-application .rounded-b-sm{border-bottom-left-radius:2px!important;border-bottom-right-radius:2px!important}.v-application .rounded-b{border-bottom-left-radius:4px!important;border-bottom-right-radius:4px!important}.v-application .rounded-b-lg{border-bottom-left-radius:8px!important;border-bottom-right-radius:8px!important}.v-application .rounded-b-xl{border-bottom-left-radius:16px!important;border-bottom-right-radius:16px!important}.v-application .rounded-b-xxl{border-bottom-left-radius:24px!important;border-bottom-right-radius:24px!important}.v-application .rounded-b-pill{border-bottom-left-radius:9999px!important;border-bottom-right-radius:9999px!important}.v-application .rounded-b-circle{border-bottom-left-radius:50%!important;border-bottom-right-radius:50%!important}.v-application .rounded-l-0{border-bottom-left-radius:0!important;border-top-left-radius:0!important}.v-application .rounded-l-sm{border-bottom-left-radius:2px!important;border-top-left-radius:2px!important}.v-application .rounded-l{border-bottom-left-radius:4px!important;border-top-left-radius:4px!important}.v-application .rounded-l-lg{border-bottom-left-radius:8px!important;border-top-left-radius:8px!important}.v-application .rounded-l-xl{border-bottom-left-radius:16px!important;border-top-left-radius:16px!important}.v-application .rounded-l-xxl{border-bottom-left-radius:24px!important;border-top-left-radius:24px!important}.v-application .rounded-l-pill{border-bottom-left-radius:9999px!important;border-top-left-radius:9999px!important}.v-application .rounded-l-circle{border-bottom-left-radius:50%!important;border-top-left-radius:50%!important}.v-application .rounded-tl-0{border-top-left-radius:0!important}.v-application .rounded-tl-sm{border-top-left-radius:2px!important}.v-application .rounded-tl{border-top-left-radius:4px!important}.v-application .rounded-tl-lg{border-top-left-radius:8px!important}.v-application .rounded-tl-xl{border-top-left-radius:16px!important}.v-application .rounded-tl-xxl{border-top-left-radius:24px!important}.v-application .rounded-tl-pill{border-top-left-radius:9999px!important}.v-application .rounded-tl-circle{border-top-left-radius:50%!important}.v-application .rounded-tr-0{border-top-right-radius:0!important}.v-application .rounded-tr-sm{border-top-right-radius:2px!important}.v-application .rounded-tr{border-top-right-radius:4px!important}.v-application .rounded-tr-lg{border-top-right-radius:8px!important}.v-application .rounded-tr-xl{border-top-right-radius:16px!important}.v-application .rounded-tr-xxl{border-top-right-radius:24px!important}.v-application .rounded-tr-pill{border-top-right-radius:9999px!important}.v-application .rounded-tr-circle{border-top-right-radius:50%!important}.v-application .rounded-br-0{border-bottom-right-radius:0!important}.v-application .rounded-br-sm{border-bottom-right-radius:2px!important}.v-application .rounded-br{border-bottom-right-radius:4px!important}.v-application .rounded-br-lg{border-bottom-right-radius:8px!important}.v-application .rounded-br-xl{border-bottom-right-radius:16px!important}.v-application .rounded-br-xxl{border-bottom-right-radius:24px!important}.v-application .rounded-br-pill{border-bottom-right-radius:9999px!important}.v-application .rounded-br-circle{border-bottom-right-radius:50%!important}.v-application .rounded-bl-0{border-bottom-left-radius:0!important}.v-application .rounded-bl-sm{border-bottom-left-radius:2px!important}.v-application .rounded-bl{border-bottom-left-radius:4px!important}.v-application .rounded-bl-lg{border-bottom-left-radius:8px!important}.v-application .rounded-bl-xl{border-bottom-left-radius:16px!important}.v-application .rounded-bl-xxl{border-bottom-left-radius:24px!important}.v-application .rounded-bl-pill{border-bottom-left-radius:9999px!important}.v-application .rounded-bl-circle{border-bottom-left-radius:50%!important}.v-application .text-left{text-align:left!important}.v-application .text-right{text-align:right!important}.v-application .text-center{text-align:center!important}.v-application .text-justify{text-align:justify!important}.v-application .text-start{text-align:left!important}.v-application .text-end{text-align:right!important}.v-application .text-decoration-line-through{-webkit-text-decoration:line-through!important;text-decoration:line-through!important}.v-application .text-decoration-none{-webkit-text-decoration:none!important;text-decoration:none!important}.v-application .text-decoration-overline{-webkit-text-decoration:overline!important;text-decoration:overline!important}.v-application .text-decoration-underline{-webkit-text-decoration:underline!important;text-decoration:underline!important}.v-application .text-wrap{white-space:normal!important}.v-application .text-no-wrap{white-space:nowrap!important}.v-application .text-pre{white-space:pre!important}.v-application .text-pre-line{white-space:pre-line!important}.v-application .text-pre-wrap{white-space:pre-wrap!important}.v-application .text-break{word-wrap:break-word!important;word-break:break-word!important}.v-application .text-truncate{overflow:hidden!important;text-overflow:ellipsis!important;white-space:nowrap!important}.v-application .text-none{text-transform:none!important}.v-application .text-capitalize{text-transform:capitalize!important}.v-application .text-lowercase{text-transform:lowercase!important}.v-application .text-uppercase{text-transform:uppercase!important}.v-application .text-h1{font-size:6rem!important;letter-spacing:-.015625em!important;line-height:6rem}.v-application .text-h1,.v-application .text-h2{font-family:Nunito,sans-serif!important;font-weight:300}.v-application .text-h2{font-size:3.75rem!important;letter-spacing:-.0083333333em!important;line-height:3.75rem}.v-application .text-h3{font-size:3rem!important;letter-spacing:normal!important;line-height:3.125rem}.v-application .text-h3,.v-application .text-h4{font-family:Nunito,sans-serif!important;font-weight:400}.v-application .text-h4{font-size:2.125rem!important;letter-spacing:.0073529412em!important;line-height:2.5rem}.v-application .text-h5{font-size:1.5rem!important;font-weight:400;letter-spacing:normal!important}.v-application .text-h5,.v-application .text-h6{font-family:Nunito,sans-serif!important;line-height:2rem}.v-application .text-h6{font-size:1.25rem!important;font-weight:500;letter-spacing:.0125em!important}.v-application .text-subtitle-1{font-family:Nunito,sans-serif!important;font-size:1rem!important;font-weight:400;letter-spacing:.009375em!important;line-height:1.75rem}.v-application .text-subtitle-2{font-family:Nunito,sans-serif!important;font-size:.875rem!important;font-weight:500;letter-spacing:.0071428571em!important;line-height:1.375rem}.v-application .text-body-1{font-family:Nunito,sans-serif!important;font-size:1rem!important;font-weight:400;letter-spacing:.03125em!important;line-height:1.5rem}.v-application .text-body-2{font-weight:400;letter-spacing:.0178571429em!important;line-height:1.25rem}.v-application .text-body-2,.v-application .text-button{font-family:Nunito,sans-serif!important;font-size:.875rem!important}.v-application .text-button{font-weight:500;letter-spacing:.0892857143em!important;line-height:2.25rem;text-transform:uppercase!important}.v-application .text-caption{font-weight:400;letter-spacing:.0333333333em!important;line-height:1.25rem}.v-application .text-caption,.v-application .text-overline{font-family:Nunito,sans-serif!important;font-size:.75rem!important}.v-application .text-overline{font-weight:500;letter-spacing:.1666666667em!important;line-height:2rem;text-transform:uppercase!important}@media(min-width:720px){.v-application .d-sm-none{display:none!important}.v-application .d-sm-inline{display:inline!important}.v-application .d-sm-inline-block{display:inline-block!important}.v-application .d-sm-block{display:block!important}.v-application .d-sm-table{display:table!important}.v-application .d-sm-table-row{display:table-row!important}.v-application .d-sm-table-cell{display:table-cell!important}.v-application .d-sm-flex{display:flex!important}.v-application .d-sm-inline-flex{display:inline-flex!important}.v-application .float-sm-none{float:none!important}.v-application .float-sm-left{float:left!important}.v-application .float-sm-right{float:right!important}.v-application--is-rtl .float-sm-end{float:left!important}.v-application--is-ltr .float-sm-end,.v-application--is-rtl .float-sm-start{float:right!important}.v-application--is-ltr .float-sm-start{float:left!important}.v-application .flex-sm-fill{flex:1 1 auto!important}.v-application .flex-sm-row{flex-direction:row!important}.v-application .flex-sm-column{flex-direction:column!important}.v-application .flex-sm-row-reverse{flex-direction:row-reverse!important}.v-application .flex-sm-column-reverse{flex-direction:column-reverse!important}.v-application .flex-sm-grow-0{flex-grow:0!important}.v-application .flex-sm-grow-1{flex-grow:1!important}.v-application .flex-sm-shrink-0{flex-shrink:0!important}.v-application .flex-sm-shrink-1{flex-shrink:1!important}.v-application .flex-sm-wrap{flex-wrap:wrap!important}.v-application .flex-sm-nowrap{flex-wrap:nowrap!important}.v-application .flex-sm-wrap-reverse{flex-wrap:wrap-reverse!important}.v-application .justify-sm-start{justify-content:flex-start!important}.v-application .justify-sm-end{justify-content:flex-end!important}.v-application .justify-sm-center{justify-content:center!important}.v-application .justify-sm-space-between{justify-content:space-between!important}.v-application .justify-sm-space-around{justify-content:space-around!important}.v-application .align-sm-start{align-items:flex-start!important}.v-application .align-sm-end{align-items:flex-end!important}.v-application .align-sm-center{align-items:center!important}.v-application .align-sm-baseline{align-items:baseline!important}.v-application .align-sm-stretch{align-items:stretch!important}.v-application .align-content-sm-start{align-content:flex-start!important}.v-application .align-content-sm-end{align-content:flex-end!important}.v-application .align-content-sm-center{align-content:center!important}.v-application .align-content-sm-space-between{align-content:space-between!important}.v-application .align-content-sm-space-around{align-content:space-around!important}.v-application .align-content-sm-stretch{align-content:stretch!important}.v-application .align-self-sm-auto{align-self:auto!important}.v-application .align-self-sm-start{align-self:flex-start!important}.v-application .align-self-sm-end{align-self:flex-end!important}.v-application .align-self-sm-center{align-self:center!important}.v-application .align-self-sm-baseline{align-self:baseline!important}.v-application .align-self-sm-stretch{align-self:stretch!important}.v-application .order-sm-first{order:-1!important}.v-application .order-sm-0{order:0!important}.v-application .order-sm-1{order:1!important}.v-application .order-sm-2{order:2!important}.v-application .order-sm-3{order:3!important}.v-application .order-sm-4{order:4!important}.v-application .order-sm-5{order:5!important}.v-application .order-sm-6{order:6!important}.v-application .order-sm-7{order:7!important}.v-application .order-sm-8{order:8!important}.v-application .order-sm-9{order:9!important}.v-application .order-sm-10{order:10!important}.v-application .order-sm-11{order:11!important}.v-application .order-sm-12{order:12!important}.v-application .order-sm-last{order:13!important}.v-application .ma-sm-0{margin:0!important}.v-application .ma-sm-1{margin:4px!important}.v-application .ma-sm-2{margin:8px!important}.v-application .ma-sm-3{margin:12px!important}.v-application .ma-sm-4{margin:16px!important}.v-application .ma-sm-5{margin:20px!important}.v-application .ma-sm-6{margin:24px!important}.v-application .ma-sm-7{margin:28px!important}.v-application .ma-sm-8{margin:32px!important}.v-application .ma-sm-9{margin:36px!important}.v-application .ma-sm-10{margin:40px!important}.v-application .ma-sm-11{margin:44px!important}.v-application .ma-sm-12{margin:48px!important}.v-application .ma-sm-13{margin:52px!important}.v-application .ma-sm-14{margin:56px!important}.v-application .ma-sm-15{margin:60px!important}.v-application .ma-sm-16{margin:64px!important}.v-application .ma-sm-auto{margin:auto!important}.v-application .mx-sm-0{margin-left:0!important;margin-right:0!important}.v-application .mx-sm-1{margin-left:4px!important;margin-right:4px!important}.v-application .mx-sm-2{margin-left:8px!important;margin-right:8px!important}.v-application .mx-sm-3{margin-left:12px!important;margin-right:12px!important}.v-application .mx-sm-4{margin-left:16px!important;margin-right:16px!important}.v-application .mx-sm-5{margin-left:20px!important;margin-right:20px!important}.v-application .mx-sm-6{margin-left:24px!important;margin-right:24px!important}.v-application .mx-sm-7{margin-left:28px!important;margin-right:28px!important}.v-application .mx-sm-8{margin-left:32px!important;margin-right:32px!important}.v-application .mx-sm-9{margin-left:36px!important;margin-right:36px!important}.v-application .mx-sm-10{margin-left:40px!important;margin-right:40px!important}.v-application .mx-sm-11{margin-left:44px!important;margin-right:44px!important}.v-application .mx-sm-12{margin-left:48px!important;margin-right:48px!important}.v-application .mx-sm-13{margin-left:52px!important;margin-right:52px!important}.v-application .mx-sm-14{margin-left:56px!important;margin-right:56px!important}.v-application .mx-sm-15{margin-left:60px!important;margin-right:60px!important}.v-application .mx-sm-16{margin-left:64px!important;margin-right:64px!important}.v-application .mx-sm-auto{margin-left:auto!important;margin-right:auto!important}.v-application .my-sm-0{margin-bottom:0!important;margin-top:0!important}.v-application .my-sm-1{margin-bottom:4px!important;margin-top:4px!important}.v-application .my-sm-2{margin-bottom:8px!important;margin-top:8px!important}.v-application .my-sm-3{margin-bottom:12px!important;margin-top:12px!important}.v-application .my-sm-4{margin-bottom:16px!important;margin-top:16px!important}.v-application .my-sm-5{margin-bottom:20px!important;margin-top:20px!important}.v-application .my-sm-6{margin-bottom:24px!important;margin-top:24px!important}.v-application .my-sm-7{margin-bottom:28px!important;margin-top:28px!important}.v-application .my-sm-8{margin-bottom:32px!important;margin-top:32px!important}.v-application .my-sm-9{margin-bottom:36px!important;margin-top:36px!important}.v-application .my-sm-10{margin-bottom:40px!important;margin-top:40px!important}.v-application .my-sm-11{margin-bottom:44px!important;margin-top:44px!important}.v-application .my-sm-12{margin-bottom:48px!important;margin-top:48px!important}.v-application .my-sm-13{margin-bottom:52px!important;margin-top:52px!important}.v-application .my-sm-14{margin-bottom:56px!important;margin-top:56px!important}.v-application .my-sm-15{margin-bottom:60px!important;margin-top:60px!important}.v-application .my-sm-16{margin-bottom:64px!important;margin-top:64px!important}.v-application .my-sm-auto{margin-bottom:auto!important;margin-top:auto!important}.v-application .mt-sm-0{margin-top:0!important}.v-application .mt-sm-1{margin-top:4px!important}.v-application .mt-sm-2{margin-top:8px!important}.v-application .mt-sm-3{margin-top:12px!important}.v-application .mt-sm-4{margin-top:16px!important}.v-application .mt-sm-5{margin-top:20px!important}.v-application .mt-sm-6{margin-top:24px!important}.v-application .mt-sm-7{margin-top:28px!important}.v-application .mt-sm-8{margin-top:32px!important}.v-application .mt-sm-9{margin-top:36px!important}.v-application .mt-sm-10{margin-top:40px!important}.v-application .mt-sm-11{margin-top:44px!important}.v-application .mt-sm-12{margin-top:48px!important}.v-application .mt-sm-13{margin-top:52px!important}.v-application .mt-sm-14{margin-top:56px!important}.v-application .mt-sm-15{margin-top:60px!important}.v-application .mt-sm-16{margin-top:64px!important}.v-application .mt-sm-auto{margin-top:auto!important}.v-application .mr-sm-0{margin-right:0!important}.v-application .mr-sm-1{margin-right:4px!important}.v-application .mr-sm-2{margin-right:8px!important}.v-application .mr-sm-3{margin-right:12px!important}.v-application .mr-sm-4{margin-right:16px!important}.v-application .mr-sm-5{margin-right:20px!important}.v-application .mr-sm-6{margin-right:24px!important}.v-application .mr-sm-7{margin-right:28px!important}.v-application .mr-sm-8{margin-right:32px!important}.v-application .mr-sm-9{margin-right:36px!important}.v-application .mr-sm-10{margin-right:40px!important}.v-application .mr-sm-11{margin-right:44px!important}.v-application .mr-sm-12{margin-right:48px!important}.v-application .mr-sm-13{margin-right:52px!important}.v-application .mr-sm-14{margin-right:56px!important}.v-application .mr-sm-15{margin-right:60px!important}.v-application .mr-sm-16{margin-right:64px!important}.v-application .mr-sm-auto{margin-right:auto!important}.v-application .mb-sm-0{margin-bottom:0!important}.v-application .mb-sm-1{margin-bottom:4px!important}.v-application .mb-sm-2{margin-bottom:8px!important}.v-application .mb-sm-3{margin-bottom:12px!important}.v-application .mb-sm-4{margin-bottom:16px!important}.v-application .mb-sm-5{margin-bottom:20px!important}.v-application .mb-sm-6{margin-bottom:24px!important}.v-application .mb-sm-7{margin-bottom:28px!important}.v-application .mb-sm-8{margin-bottom:32px!important}.v-application .mb-sm-9{margin-bottom:36px!important}.v-application .mb-sm-10{margin-bottom:40px!important}.v-application .mb-sm-11{margin-bottom:44px!important}.v-application .mb-sm-12{margin-bottom:48px!important}.v-application .mb-sm-13{margin-bottom:52px!important}.v-application .mb-sm-14{margin-bottom:56px!important}.v-application .mb-sm-15{margin-bottom:60px!important}.v-application .mb-sm-16{margin-bottom:64px!important}.v-application .mb-sm-auto{margin-bottom:auto!important}.v-application .ml-sm-0{margin-left:0!important}.v-application .ml-sm-1{margin-left:4px!important}.v-application .ml-sm-2{margin-left:8px!important}.v-application .ml-sm-3{margin-left:12px!important}.v-application .ml-sm-4{margin-left:16px!important}.v-application .ml-sm-5{margin-left:20px!important}.v-application .ml-sm-6{margin-left:24px!important}.v-application .ml-sm-7{margin-left:28px!important}.v-application .ml-sm-8{margin-left:32px!important}.v-application .ml-sm-9{margin-left:36px!important}.v-application .ml-sm-10{margin-left:40px!important}.v-application .ml-sm-11{margin-left:44px!important}.v-application .ml-sm-12{margin-left:48px!important}.v-application .ml-sm-13{margin-left:52px!important}.v-application .ml-sm-14{margin-left:56px!important}.v-application .ml-sm-15{margin-left:60px!important}.v-application .ml-sm-16{margin-left:64px!important}.v-application .ml-sm-auto{margin-left:auto!important}.v-application--is-ltr .ms-sm-0{margin-left:0!important}.v-application--is-rtl .ms-sm-0{margin-right:0!important}.v-application--is-ltr .ms-sm-1{margin-left:4px!important}.v-application--is-rtl .ms-sm-1{margin-right:4px!important}.v-application--is-ltr .ms-sm-2{margin-left:8px!important}.v-application--is-rtl .ms-sm-2{margin-right:8px!important}.v-application--is-ltr .ms-sm-3{margin-left:12px!important}.v-application--is-rtl .ms-sm-3{margin-right:12px!important}.v-application--is-ltr .ms-sm-4{margin-left:16px!important}.v-application--is-rtl .ms-sm-4{margin-right:16px!important}.v-application--is-ltr .ms-sm-5{margin-left:20px!important}.v-application--is-rtl .ms-sm-5{margin-right:20px!important}.v-application--is-ltr .ms-sm-6{margin-left:24px!important}.v-application--is-rtl .ms-sm-6{margin-right:24px!important}.v-application--is-ltr .ms-sm-7{margin-left:28px!important}.v-application--is-rtl .ms-sm-7{margin-right:28px!important}.v-application--is-ltr .ms-sm-8{margin-left:32px!important}.v-application--is-rtl .ms-sm-8{margin-right:32px!important}.v-application--is-ltr .ms-sm-9{margin-left:36px!important}.v-application--is-rtl .ms-sm-9{margin-right:36px!important}.v-application--is-ltr .ms-sm-10{margin-left:40px!important}.v-application--is-rtl .ms-sm-10{margin-right:40px!important}.v-application--is-ltr .ms-sm-11{margin-left:44px!important}.v-application--is-rtl .ms-sm-11{margin-right:44px!important}.v-application--is-ltr .ms-sm-12{margin-left:48px!important}.v-application--is-rtl .ms-sm-12{margin-right:48px!important}.v-application--is-ltr .ms-sm-13{margin-left:52px!important}.v-application--is-rtl .ms-sm-13{margin-right:52px!important}.v-application--is-ltr .ms-sm-14{margin-left:56px!important}.v-application--is-rtl .ms-sm-14{margin-right:56px!important}.v-application--is-ltr .ms-sm-15{margin-left:60px!important}.v-application--is-rtl .ms-sm-15{margin-right:60px!important}.v-application--is-ltr .ms-sm-16{margin-left:64px!important}.v-application--is-rtl .ms-sm-16{margin-right:64px!important}.v-application--is-ltr .ms-sm-auto{margin-left:auto!important}.v-application--is-rtl .ms-sm-auto{margin-right:auto!important}.v-application--is-ltr .me-sm-0{margin-right:0!important}.v-application--is-rtl .me-sm-0{margin-left:0!important}.v-application--is-ltr .me-sm-1{margin-right:4px!important}.v-application--is-rtl .me-sm-1{margin-left:4px!important}.v-application--is-ltr .me-sm-2{margin-right:8px!important}.v-application--is-rtl .me-sm-2{margin-left:8px!important}.v-application--is-ltr .me-sm-3{margin-right:12px!important}.v-application--is-rtl .me-sm-3{margin-left:12px!important}.v-application--is-ltr .me-sm-4{margin-right:16px!important}.v-application--is-rtl .me-sm-4{margin-left:16px!important}.v-application--is-ltr .me-sm-5{margin-right:20px!important}.v-application--is-rtl .me-sm-5{margin-left:20px!important}.v-application--is-ltr .me-sm-6{margin-right:24px!important}.v-application--is-rtl .me-sm-6{margin-left:24px!important}.v-application--is-ltr .me-sm-7{margin-right:28px!important}.v-application--is-rtl .me-sm-7{margin-left:28px!important}.v-application--is-ltr .me-sm-8{margin-right:32px!important}.v-application--is-rtl .me-sm-8{margin-left:32px!important}.v-application--is-ltr .me-sm-9{margin-right:36px!important}.v-application--is-rtl .me-sm-9{margin-left:36px!important}.v-application--is-ltr .me-sm-10{margin-right:40px!important}.v-application--is-rtl .me-sm-10{margin-left:40px!important}.v-application--is-ltr .me-sm-11{margin-right:44px!important}.v-application--is-rtl .me-sm-11{margin-left:44px!important}.v-application--is-ltr .me-sm-12{margin-right:48px!important}.v-application--is-rtl .me-sm-12{margin-left:48px!important}.v-application--is-ltr .me-sm-13{margin-right:52px!important}.v-application--is-rtl .me-sm-13{margin-left:52px!important}.v-application--is-ltr .me-sm-14{margin-right:56px!important}.v-application--is-rtl .me-sm-14{margin-left:56px!important}.v-application--is-ltr .me-sm-15{margin-right:60px!important}.v-application--is-rtl .me-sm-15{margin-left:60px!important}.v-application--is-ltr .me-sm-16{margin-right:64px!important}.v-application--is-rtl .me-sm-16{margin-left:64px!important}.v-application--is-ltr .me-sm-auto{margin-right:auto!important}.v-application--is-rtl .me-sm-auto{margin-left:auto!important}.v-application .ma-sm-n1{margin:-4px!important}.v-application .ma-sm-n2{margin:-8px!important}.v-application .ma-sm-n3{margin:-12px!important}.v-application .ma-sm-n4{margin:-16px!important}.v-application .ma-sm-n5{margin:-20px!important}.v-application .ma-sm-n6{margin:-24px!important}.v-application .ma-sm-n7{margin:-28px!important}.v-application .ma-sm-n8{margin:-32px!important}.v-application .ma-sm-n9{margin:-36px!important}.v-application .ma-sm-n10{margin:-40px!important}.v-application .ma-sm-n11{margin:-44px!important}.v-application .ma-sm-n12{margin:-48px!important}.v-application .ma-sm-n13{margin:-52px!important}.v-application .ma-sm-n14{margin:-56px!important}.v-application .ma-sm-n15{margin:-60px!important}.v-application .ma-sm-n16{margin:-64px!important}.v-application .mx-sm-n1{margin-left:-4px!important;margin-right:-4px!important}.v-application .mx-sm-n2{margin-left:-8px!important;margin-right:-8px!important}.v-application .mx-sm-n3{margin-left:-12px!important;margin-right:-12px!important}.v-application .mx-sm-n4{margin-left:-16px!important;margin-right:-16px!important}.v-application .mx-sm-n5{margin-left:-20px!important;margin-right:-20px!important}.v-application .mx-sm-n6{margin-left:-24px!important;margin-right:-24px!important}.v-application .mx-sm-n7{margin-left:-28px!important;margin-right:-28px!important}.v-application .mx-sm-n8{margin-left:-32px!important;margin-right:-32px!important}.v-application .mx-sm-n9{margin-left:-36px!important;margin-right:-36px!important}.v-application .mx-sm-n10{margin-left:-40px!important;margin-right:-40px!important}.v-application .mx-sm-n11{margin-left:-44px!important;margin-right:-44px!important}.v-application .mx-sm-n12{margin-left:-48px!important;margin-right:-48px!important}.v-application .mx-sm-n13{margin-left:-52px!important;margin-right:-52px!important}.v-application .mx-sm-n14{margin-left:-56px!important;margin-right:-56px!important}.v-application .mx-sm-n15{margin-left:-60px!important;margin-right:-60px!important}.v-application .mx-sm-n16{margin-left:-64px!important;margin-right:-64px!important}.v-application .my-sm-n1{margin-bottom:-4px!important;margin-top:-4px!important}.v-application .my-sm-n2{margin-bottom:-8px!important;margin-top:-8px!important}.v-application .my-sm-n3{margin-bottom:-12px!important;margin-top:-12px!important}.v-application .my-sm-n4{margin-bottom:-16px!important;margin-top:-16px!important}.v-application .my-sm-n5{margin-bottom:-20px!important;margin-top:-20px!important}.v-application .my-sm-n6{margin-bottom:-24px!important;margin-top:-24px!important}.v-application .my-sm-n7{margin-bottom:-28px!important;margin-top:-28px!important}.v-application .my-sm-n8{margin-bottom:-32px!important;margin-top:-32px!important}.v-application .my-sm-n9{margin-bottom:-36px!important;margin-top:-36px!important}.v-application .my-sm-n10{margin-bottom:-40px!important;margin-top:-40px!important}.v-application .my-sm-n11{margin-bottom:-44px!important;margin-top:-44px!important}.v-application .my-sm-n12{margin-bottom:-48px!important;margin-top:-48px!important}.v-application .my-sm-n13{margin-bottom:-52px!important;margin-top:-52px!important}.v-application .my-sm-n14{margin-bottom:-56px!important;margin-top:-56px!important}.v-application .my-sm-n15{margin-bottom:-60px!important;margin-top:-60px!important}.v-application .my-sm-n16{margin-bottom:-64px!important;margin-top:-64px!important}.v-application .mt-sm-n1{margin-top:-4px!important}.v-application .mt-sm-n2{margin-top:-8px!important}.v-application .mt-sm-n3{margin-top:-12px!important}.v-application .mt-sm-n4{margin-top:-16px!important}.v-application .mt-sm-n5{margin-top:-20px!important}.v-application .mt-sm-n6{margin-top:-24px!important}.v-application .mt-sm-n7{margin-top:-28px!important}.v-application .mt-sm-n8{margin-top:-32px!important}.v-application .mt-sm-n9{margin-top:-36px!important}.v-application .mt-sm-n10{margin-top:-40px!important}.v-application .mt-sm-n11{margin-top:-44px!important}.v-application .mt-sm-n12{margin-top:-48px!important}.v-application .mt-sm-n13{margin-top:-52px!important}.v-application .mt-sm-n14{margin-top:-56px!important}.v-application .mt-sm-n15{margin-top:-60px!important}.v-application .mt-sm-n16{margin-top:-64px!important}.v-application .mr-sm-n1{margin-right:-4px!important}.v-application .mr-sm-n2{margin-right:-8px!important}.v-application .mr-sm-n3{margin-right:-12px!important}.v-application .mr-sm-n4{margin-right:-16px!important}.v-application .mr-sm-n5{margin-right:-20px!important}.v-application .mr-sm-n6{margin-right:-24px!important}.v-application .mr-sm-n7{margin-right:-28px!important}.v-application .mr-sm-n8{margin-right:-32px!important}.v-application .mr-sm-n9{margin-right:-36px!important}.v-application .mr-sm-n10{margin-right:-40px!important}.v-application .mr-sm-n11{margin-right:-44px!important}.v-application .mr-sm-n12{margin-right:-48px!important}.v-application .mr-sm-n13{margin-right:-52px!important}.v-application .mr-sm-n14{margin-right:-56px!important}.v-application .mr-sm-n15{margin-right:-60px!important}.v-application .mr-sm-n16{margin-right:-64px!important}.v-application .mb-sm-n1{margin-bottom:-4px!important}.v-application .mb-sm-n2{margin-bottom:-8px!important}.v-application .mb-sm-n3{margin-bottom:-12px!important}.v-application .mb-sm-n4{margin-bottom:-16px!important}.v-application .mb-sm-n5{margin-bottom:-20px!important}.v-application .mb-sm-n6{margin-bottom:-24px!important}.v-application .mb-sm-n7{margin-bottom:-28px!important}.v-application .mb-sm-n8{margin-bottom:-32px!important}.v-application .mb-sm-n9{margin-bottom:-36px!important}.v-application .mb-sm-n10{margin-bottom:-40px!important}.v-application .mb-sm-n11{margin-bottom:-44px!important}.v-application .mb-sm-n12{margin-bottom:-48px!important}.v-application .mb-sm-n13{margin-bottom:-52px!important}.v-application .mb-sm-n14{margin-bottom:-56px!important}.v-application .mb-sm-n15{margin-bottom:-60px!important}.v-application .mb-sm-n16{margin-bottom:-64px!important}.v-application .ml-sm-n1{margin-left:-4px!important}.v-application .ml-sm-n2{margin-left:-8px!important}.v-application .ml-sm-n3{margin-left:-12px!important}.v-application .ml-sm-n4{margin-left:-16px!important}.v-application .ml-sm-n5{margin-left:-20px!important}.v-application .ml-sm-n6{margin-left:-24px!important}.v-application .ml-sm-n7{margin-left:-28px!important}.v-application .ml-sm-n8{margin-left:-32px!important}.v-application .ml-sm-n9{margin-left:-36px!important}.v-application .ml-sm-n10{margin-left:-40px!important}.v-application .ml-sm-n11{margin-left:-44px!important}.v-application .ml-sm-n12{margin-left:-48px!important}.v-application .ml-sm-n13{margin-left:-52px!important}.v-application .ml-sm-n14{margin-left:-56px!important}.v-application .ml-sm-n15{margin-left:-60px!important}.v-application .ml-sm-n16{margin-left:-64px!important}.v-application--is-ltr .ms-sm-n1{margin-left:-4px!important}.v-application--is-rtl .ms-sm-n1{margin-right:-4px!important}.v-application--is-ltr .ms-sm-n2{margin-left:-8px!important}.v-application--is-rtl .ms-sm-n2{margin-right:-8px!important}.v-application--is-ltr .ms-sm-n3{margin-left:-12px!important}.v-application--is-rtl .ms-sm-n3{margin-right:-12px!important}.v-application--is-ltr .ms-sm-n4{margin-left:-16px!important}.v-application--is-rtl .ms-sm-n4{margin-right:-16px!important}.v-application--is-ltr .ms-sm-n5{margin-left:-20px!important}.v-application--is-rtl .ms-sm-n5{margin-right:-20px!important}.v-application--is-ltr .ms-sm-n6{margin-left:-24px!important}.v-application--is-rtl .ms-sm-n6{margin-right:-24px!important}.v-application--is-ltr .ms-sm-n7{margin-left:-28px!important}.v-application--is-rtl .ms-sm-n7{margin-right:-28px!important}.v-application--is-ltr .ms-sm-n8{margin-left:-32px!important}.v-application--is-rtl .ms-sm-n8{margin-right:-32px!important}.v-application--is-ltr .ms-sm-n9{margin-left:-36px!important}.v-application--is-rtl .ms-sm-n9{margin-right:-36px!important}.v-application--is-ltr .ms-sm-n10{margin-left:-40px!important}.v-application--is-rtl .ms-sm-n10{margin-right:-40px!important}.v-application--is-ltr .ms-sm-n11{margin-left:-44px!important}.v-application--is-rtl .ms-sm-n11{margin-right:-44px!important}.v-application--is-ltr .ms-sm-n12{margin-left:-48px!important}.v-application--is-rtl .ms-sm-n12{margin-right:-48px!important}.v-application--is-ltr .ms-sm-n13{margin-left:-52px!important}.v-application--is-rtl .ms-sm-n13{margin-right:-52px!important}.v-application--is-ltr .ms-sm-n14{margin-left:-56px!important}.v-application--is-rtl .ms-sm-n14{margin-right:-56px!important}.v-application--is-ltr .ms-sm-n15{margin-left:-60px!important}.v-application--is-rtl .ms-sm-n15{margin-right:-60px!important}.v-application--is-ltr .ms-sm-n16{margin-left:-64px!important}.v-application--is-rtl .ms-sm-n16{margin-right:-64px!important}.v-application--is-ltr .me-sm-n1{margin-right:-4px!important}.v-application--is-rtl .me-sm-n1{margin-left:-4px!important}.v-application--is-ltr .me-sm-n2{margin-right:-8px!important}.v-application--is-rtl .me-sm-n2{margin-left:-8px!important}.v-application--is-ltr .me-sm-n3{margin-right:-12px!important}.v-application--is-rtl .me-sm-n3{margin-left:-12px!important}.v-application--is-ltr .me-sm-n4{margin-right:-16px!important}.v-application--is-rtl .me-sm-n4{margin-left:-16px!important}.v-application--is-ltr .me-sm-n5{margin-right:-20px!important}.v-application--is-rtl .me-sm-n5{margin-left:-20px!important}.v-application--is-ltr .me-sm-n6{margin-right:-24px!important}.v-application--is-rtl .me-sm-n6{margin-left:-24px!important}.v-application--is-ltr .me-sm-n7{margin-right:-28px!important}.v-application--is-rtl .me-sm-n7{margin-left:-28px!important}.v-application--is-ltr .me-sm-n8{margin-right:-32px!important}.v-application--is-rtl .me-sm-n8{margin-left:-32px!important}.v-application--is-ltr .me-sm-n9{margin-right:-36px!important}.v-application--is-rtl .me-sm-n9{margin-left:-36px!important}.v-application--is-ltr .me-sm-n10{margin-right:-40px!important}.v-application--is-rtl .me-sm-n10{margin-left:-40px!important}.v-application--is-ltr .me-sm-n11{margin-right:-44px!important}.v-application--is-rtl .me-sm-n11{margin-left:-44px!important}.v-application--is-ltr .me-sm-n12{margin-right:-48px!important}.v-application--is-rtl .me-sm-n12{margin-left:-48px!important}.v-application--is-ltr .me-sm-n13{margin-right:-52px!important}.v-application--is-rtl .me-sm-n13{margin-left:-52px!important}.v-application--is-ltr .me-sm-n14{margin-right:-56px!important}.v-application--is-rtl .me-sm-n14{margin-left:-56px!important}.v-application--is-ltr .me-sm-n15{margin-right:-60px!important}.v-application--is-rtl .me-sm-n15{margin-left:-60px!important}.v-application--is-ltr .me-sm-n16{margin-right:-64px!important}.v-application--is-rtl .me-sm-n16{margin-left:-64px!important}.v-application .pa-sm-0{padding:0!important}.v-application .pa-sm-1{padding:4px!important}.v-application .pa-sm-2{padding:8px!important}.v-application .pa-sm-3{padding:12px!important}.v-application .pa-sm-4{padding:16px!important}.v-application .pa-sm-5{padding:20px!important}.v-application .pa-sm-6{padding:24px!important}.v-application .pa-sm-7{padding:28px!important}.v-application .pa-sm-8{padding:32px!important}.v-application .pa-sm-9{padding:36px!important}.v-application .pa-sm-10{padding:40px!important}.v-application .pa-sm-11{padding:44px!important}.v-application .pa-sm-12{padding:48px!important}.v-application .pa-sm-13{padding:52px!important}.v-application .pa-sm-14{padding:56px!important}.v-application .pa-sm-15{padding:60px!important}.v-application .pa-sm-16{padding:64px!important}.v-application .px-sm-0{padding-left:0!important;padding-right:0!important}.v-application .px-sm-1{padding-left:4px!important;padding-right:4px!important}.v-application .px-sm-2{padding-left:8px!important;padding-right:8px!important}.v-application .px-sm-3{padding-left:12px!important;padding-right:12px!important}.v-application .px-sm-4{padding-left:16px!important;padding-right:16px!important}.v-application .px-sm-5{padding-left:20px!important;padding-right:20px!important}.v-application .px-sm-6{padding-left:24px!important;padding-right:24px!important}.v-application .px-sm-7{padding-left:28px!important;padding-right:28px!important}.v-application .px-sm-8{padding-left:32px!important;padding-right:32px!important}.v-application .px-sm-9{padding-left:36px!important;padding-right:36px!important}.v-application .px-sm-10{padding-left:40px!important;padding-right:40px!important}.v-application .px-sm-11{padding-left:44px!important;padding-right:44px!important}.v-application .px-sm-12{padding-left:48px!important;padding-right:48px!important}.v-application .px-sm-13{padding-left:52px!important;padding-right:52px!important}.v-application .px-sm-14{padding-left:56px!important;padding-right:56px!important}.v-application .px-sm-15{padding-left:60px!important;padding-right:60px!important}.v-application .px-sm-16{padding-left:64px!important;padding-right:64px!important}.v-application .py-sm-0{padding-bottom:0!important;padding-top:0!important}.v-application .py-sm-1{padding-bottom:4px!important;padding-top:4px!important}.v-application .py-sm-2{padding-bottom:8px!important;padding-top:8px!important}.v-application .py-sm-3{padding-bottom:12px!important;padding-top:12px!important}.v-application .py-sm-4{padding-bottom:16px!important;padding-top:16px!important}.v-application .py-sm-5{padding-bottom:20px!important;padding-top:20px!important}.v-application .py-sm-6{padding-bottom:24px!important;padding-top:24px!important}.v-application .py-sm-7{padding-bottom:28px!important;padding-top:28px!important}.v-application .py-sm-8{padding-bottom:32px!important;padding-top:32px!important}.v-application .py-sm-9{padding-bottom:36px!important;padding-top:36px!important}.v-application .py-sm-10{padding-bottom:40px!important;padding-top:40px!important}.v-application .py-sm-11{padding-bottom:44px!important;padding-top:44px!important}.v-application .py-sm-12{padding-bottom:48px!important;padding-top:48px!important}.v-application .py-sm-13{padding-bottom:52px!important;padding-top:52px!important}.v-application .py-sm-14{padding-bottom:56px!important;padding-top:56px!important}.v-application .py-sm-15{padding-bottom:60px!important;padding-top:60px!important}.v-application .py-sm-16{padding-bottom:64px!important;padding-top:64px!important}.v-application .pt-sm-0{padding-top:0!important}.v-application .pt-sm-1{padding-top:4px!important}.v-application .pt-sm-2{padding-top:8px!important}.v-application .pt-sm-3{padding-top:12px!important}.v-application .pt-sm-4{padding-top:16px!important}.v-application .pt-sm-5{padding-top:20px!important}.v-application .pt-sm-6{padding-top:24px!important}.v-application .pt-sm-7{padding-top:28px!important}.v-application .pt-sm-8{padding-top:32px!important}.v-application .pt-sm-9{padding-top:36px!important}.v-application .pt-sm-10{padding-top:40px!important}.v-application .pt-sm-11{padding-top:44px!important}.v-application .pt-sm-12{padding-top:48px!important}.v-application .pt-sm-13{padding-top:52px!important}.v-application .pt-sm-14{padding-top:56px!important}.v-application .pt-sm-15{padding-top:60px!important}.v-application .pt-sm-16{padding-top:64px!important}.v-application .pr-sm-0{padding-right:0!important}.v-application .pr-sm-1{padding-right:4px!important}.v-application .pr-sm-2{padding-right:8px!important}.v-application .pr-sm-3{padding-right:12px!important}.v-application .pr-sm-4{padding-right:16px!important}.v-application .pr-sm-5{padding-right:20px!important}.v-application .pr-sm-6{padding-right:24px!important}.v-application .pr-sm-7{padding-right:28px!important}.v-application .pr-sm-8{padding-right:32px!important}.v-application .pr-sm-9{padding-right:36px!important}.v-application .pr-sm-10{padding-right:40px!important}.v-application .pr-sm-11{padding-right:44px!important}.v-application .pr-sm-12{padding-right:48px!important}.v-application .pr-sm-13{padding-right:52px!important}.v-application .pr-sm-14{padding-right:56px!important}.v-application .pr-sm-15{padding-right:60px!important}.v-application .pr-sm-16{padding-right:64px!important}.v-application .pb-sm-0{padding-bottom:0!important}.v-application .pb-sm-1{padding-bottom:4px!important}.v-application .pb-sm-2{padding-bottom:8px!important}.v-application .pb-sm-3{padding-bottom:12px!important}.v-application .pb-sm-4{padding-bottom:16px!important}.v-application .pb-sm-5{padding-bottom:20px!important}.v-application .pb-sm-6{padding-bottom:24px!important}.v-application .pb-sm-7{padding-bottom:28px!important}.v-application .pb-sm-8{padding-bottom:32px!important}.v-application .pb-sm-9{padding-bottom:36px!important}.v-application .pb-sm-10{padding-bottom:40px!important}.v-application .pb-sm-11{padding-bottom:44px!important}.v-application .pb-sm-12{padding-bottom:48px!important}.v-application .pb-sm-13{padding-bottom:52px!important}.v-application .pb-sm-14{padding-bottom:56px!important}.v-application .pb-sm-15{padding-bottom:60px!important}.v-application .pb-sm-16{padding-bottom:64px!important}.v-application .pl-sm-0{padding-left:0!important}.v-application .pl-sm-1{padding-left:4px!important}.v-application .pl-sm-2{padding-left:8px!important}.v-application .pl-sm-3{padding-left:12px!important}.v-application .pl-sm-4{padding-left:16px!important}.v-application .pl-sm-5{padding-left:20px!important}.v-application .pl-sm-6{padding-left:24px!important}.v-application .pl-sm-7{padding-left:28px!important}.v-application .pl-sm-8{padding-left:32px!important}.v-application .pl-sm-9{padding-left:36px!important}.v-application .pl-sm-10{padding-left:40px!important}.v-application .pl-sm-11{padding-left:44px!important}.v-application .pl-sm-12{padding-left:48px!important}.v-application .pl-sm-13{padding-left:52px!important}.v-application .pl-sm-14{padding-left:56px!important}.v-application .pl-sm-15{padding-left:60px!important}.v-application .pl-sm-16{padding-left:64px!important}.v-application--is-ltr .ps-sm-0{padding-left:0!important}.v-application--is-rtl .ps-sm-0{padding-right:0!important}.v-application--is-ltr .ps-sm-1{padding-left:4px!important}.v-application--is-rtl .ps-sm-1{padding-right:4px!important}.v-application--is-ltr .ps-sm-2{padding-left:8px!important}.v-application--is-rtl .ps-sm-2{padding-right:8px!important}.v-application--is-ltr .ps-sm-3{padding-left:12px!important}.v-application--is-rtl .ps-sm-3{padding-right:12px!important}.v-application--is-ltr .ps-sm-4{padding-left:16px!important}.v-application--is-rtl .ps-sm-4{padding-right:16px!important}.v-application--is-ltr .ps-sm-5{padding-left:20px!important}.v-application--is-rtl .ps-sm-5{padding-right:20px!important}.v-application--is-ltr .ps-sm-6{padding-left:24px!important}.v-application--is-rtl .ps-sm-6{padding-right:24px!important}.v-application--is-ltr .ps-sm-7{padding-left:28px!important}.v-application--is-rtl .ps-sm-7{padding-right:28px!important}.v-application--is-ltr .ps-sm-8{padding-left:32px!important}.v-application--is-rtl .ps-sm-8{padding-right:32px!important}.v-application--is-ltr .ps-sm-9{padding-left:36px!important}.v-application--is-rtl .ps-sm-9{padding-right:36px!important}.v-application--is-ltr .ps-sm-10{padding-left:40px!important}.v-application--is-rtl .ps-sm-10{padding-right:40px!important}.v-application--is-ltr .ps-sm-11{padding-left:44px!important}.v-application--is-rtl .ps-sm-11{padding-right:44px!important}.v-application--is-ltr .ps-sm-12{padding-left:48px!important}.v-application--is-rtl .ps-sm-12{padding-right:48px!important}.v-application--is-ltr .ps-sm-13{padding-left:52px!important}.v-application--is-rtl .ps-sm-13{padding-right:52px!important}.v-application--is-ltr .ps-sm-14{padding-left:56px!important}.v-application--is-rtl .ps-sm-14{padding-right:56px!important}.v-application--is-ltr .ps-sm-15{padding-left:60px!important}.v-application--is-rtl .ps-sm-15{padding-right:60px!important}.v-application--is-ltr .ps-sm-16{padding-left:64px!important}.v-application--is-rtl .ps-sm-16{padding-right:64px!important}.v-application--is-ltr .pe-sm-0{padding-right:0!important}.v-application--is-rtl .pe-sm-0{padding-left:0!important}.v-application--is-ltr .pe-sm-1{padding-right:4px!important}.v-application--is-rtl .pe-sm-1{padding-left:4px!important}.v-application--is-ltr .pe-sm-2{padding-right:8px!important}.v-application--is-rtl .pe-sm-2{padding-left:8px!important}.v-application--is-ltr .pe-sm-3{padding-right:12px!important}.v-application--is-rtl .pe-sm-3{padding-left:12px!important}.v-application--is-ltr .pe-sm-4{padding-right:16px!important}.v-application--is-rtl .pe-sm-4{padding-left:16px!important}.v-application--is-ltr .pe-sm-5{padding-right:20px!important}.v-application--is-rtl .pe-sm-5{padding-left:20px!important}.v-application--is-ltr .pe-sm-6{padding-right:24px!important}.v-application--is-rtl .pe-sm-6{padding-left:24px!important}.v-application--is-ltr .pe-sm-7{padding-right:28px!important}.v-application--is-rtl .pe-sm-7{padding-left:28px!important}.v-application--is-ltr .pe-sm-8{padding-right:32px!important}.v-application--is-rtl .pe-sm-8{padding-left:32px!important}.v-application--is-ltr .pe-sm-9{padding-right:36px!important}.v-application--is-rtl .pe-sm-9{padding-left:36px!important}.v-application--is-ltr .pe-sm-10{padding-right:40px!important}.v-application--is-rtl .pe-sm-10{padding-left:40px!important}.v-application--is-ltr .pe-sm-11{padding-right:44px!important}.v-application--is-rtl .pe-sm-11{padding-left:44px!important}.v-application--is-ltr .pe-sm-12{padding-right:48px!important}.v-application--is-rtl .pe-sm-12{padding-left:48px!important}.v-application--is-ltr .pe-sm-13{padding-right:52px!important}.v-application--is-rtl .pe-sm-13{padding-left:52px!important}.v-application--is-ltr .pe-sm-14{padding-right:56px!important}.v-application--is-rtl .pe-sm-14{padding-left:56px!important}.v-application--is-ltr .pe-sm-15{padding-right:60px!important}.v-application--is-rtl .pe-sm-15{padding-left:60px!important}.v-application--is-ltr .pe-sm-16{padding-right:64px!important}.v-application--is-rtl .pe-sm-16{padding-left:64px!important}.v-application .text-sm-left{text-align:left!important}.v-application .text-sm-right{text-align:right!important}.v-application .text-sm-center{text-align:center!important}.v-application .text-sm-justify{text-align:justify!important}.v-application .text-sm-start{text-align:left!important}.v-application .text-sm-end{text-align:right!important}.v-application .text-sm-h1{font-size:6rem!important;letter-spacing:-.015625em!important;line-height:6rem}.v-application .text-sm-h1,.v-application .text-sm-h2{font-family:Nunito,sans-serif!important;font-weight:300}.v-application .text-sm-h2{font-size:3.75rem!important;letter-spacing:-.0083333333em!important;line-height:3.75rem}.v-application .text-sm-h3{font-size:3rem!important;letter-spacing:normal!important;line-height:3.125rem}.v-application .text-sm-h3,.v-application .text-sm-h4{font-family:Nunito,sans-serif!important;font-weight:400}.v-application .text-sm-h4{font-size:2.125rem!important;letter-spacing:.0073529412em!important;line-height:2.5rem}.v-application .text-sm-h5{font-size:1.5rem!important;font-weight:400;letter-spacing:normal!important}.v-application .text-sm-h5,.v-application .text-sm-h6{font-family:Nunito,sans-serif!important;line-height:2rem}.v-application .text-sm-h6{font-size:1.25rem!important;font-weight:500;letter-spacing:.0125em!important}.v-application .text-sm-subtitle-1{font-family:Nunito,sans-serif!important;font-size:1rem!important;font-weight:400;letter-spacing:.009375em!important;line-height:1.75rem}.v-application .text-sm-subtitle-2{font-family:Nunito,sans-serif!important;font-size:.875rem!important;font-weight:500;letter-spacing:.0071428571em!important;line-height:1.375rem}.v-application .text-sm-body-1{font-family:Nunito,sans-serif!important;font-size:1rem!important;font-weight:400;letter-spacing:.03125em!important;line-height:1.5rem}.v-application .text-sm-body-2{font-weight:400;letter-spacing:.0178571429em!important;line-height:1.25rem}.v-application .text-sm-body-2,.v-application .text-sm-button{font-family:Nunito,sans-serif!important;font-size:.875rem!important}.v-application .text-sm-button{font-weight:500;letter-spacing:.0892857143em!important;line-height:2.25rem;text-transform:uppercase!important}.v-application .text-sm-caption{font-weight:400;letter-spacing:.0333333333em!important;line-height:1.25rem}.v-application .text-sm-caption,.v-application .text-sm-overline{font-family:Nunito,sans-serif!important;font-size:.75rem!important}.v-application .text-sm-overline{font-weight:500;letter-spacing:.1666666667em!important;line-height:2rem;text-transform:uppercase!important}}@media(min-width:1024px){.v-application .d-md-none{display:none!important}.v-application .d-md-inline{display:inline!important}.v-application .d-md-inline-block{display:inline-block!important}.v-application .d-md-block{display:block!important}.v-application .d-md-table{display:table!important}.v-application .d-md-table-row{display:table-row!important}.v-application .d-md-table-cell{display:table-cell!important}.v-application .d-md-flex{display:flex!important}.v-application .d-md-inline-flex{display:inline-flex!important}.v-application .float-md-none{float:none!important}.v-application .float-md-left{float:left!important}.v-application .float-md-right{float:right!important}.v-application--is-rtl .float-md-end{float:left!important}.v-application--is-ltr .float-md-end,.v-application--is-rtl .float-md-start{float:right!important}.v-application--is-ltr .float-md-start{float:left!important}.v-application .flex-md-fill{flex:1 1 auto!important}.v-application .flex-md-row{flex-direction:row!important}.v-application .flex-md-column{flex-direction:column!important}.v-application .flex-md-row-reverse{flex-direction:row-reverse!important}.v-application .flex-md-column-reverse{flex-direction:column-reverse!important}.v-application .flex-md-grow-0{flex-grow:0!important}.v-application .flex-md-grow-1{flex-grow:1!important}.v-application .flex-md-shrink-0{flex-shrink:0!important}.v-application .flex-md-shrink-1{flex-shrink:1!important}.v-application .flex-md-wrap{flex-wrap:wrap!important}.v-application .flex-md-nowrap{flex-wrap:nowrap!important}.v-application .flex-md-wrap-reverse{flex-wrap:wrap-reverse!important}.v-application .justify-md-start{justify-content:flex-start!important}.v-application .justify-md-end{justify-content:flex-end!important}.v-application .justify-md-center{justify-content:center!important}.v-application .justify-md-space-between{justify-content:space-between!important}.v-application .justify-md-space-around{justify-content:space-around!important}.v-application .align-md-start{align-items:flex-start!important}.v-application .align-md-end{align-items:flex-end!important}.v-application .align-md-center{align-items:center!important}.v-application .align-md-baseline{align-items:baseline!important}.v-application .align-md-stretch{align-items:stretch!important}.v-application .align-content-md-start{align-content:flex-start!important}.v-application .align-content-md-end{align-content:flex-end!important}.v-application .align-content-md-center{align-content:center!important}.v-application .align-content-md-space-between{align-content:space-between!important}.v-application .align-content-md-space-around{align-content:space-around!important}.v-application .align-content-md-stretch{align-content:stretch!important}.v-application .align-self-md-auto{align-self:auto!important}.v-application .align-self-md-start{align-self:flex-start!important}.v-application .align-self-md-end{align-self:flex-end!important}.v-application .align-self-md-center{align-self:center!important}.v-application .align-self-md-baseline{align-self:baseline!important}.v-application .align-self-md-stretch{align-self:stretch!important}.v-application .order-md-first{order:-1!important}.v-application .order-md-0{order:0!important}.v-application .order-md-1{order:1!important}.v-application .order-md-2{order:2!important}.v-application .order-md-3{order:3!important}.v-application .order-md-4{order:4!important}.v-application .order-md-5{order:5!important}.v-application .order-md-6{order:6!important}.v-application .order-md-7{order:7!important}.v-application .order-md-8{order:8!important}.v-application .order-md-9{order:9!important}.v-application .order-md-10{order:10!important}.v-application .order-md-11{order:11!important}.v-application .order-md-12{order:12!important}.v-application .order-md-last{order:13!important}.v-application .ma-md-0{margin:0!important}.v-application .ma-md-1{margin:4px!important}.v-application .ma-md-2{margin:8px!important}.v-application .ma-md-3{margin:12px!important}.v-application .ma-md-4{margin:16px!important}.v-application .ma-md-5{margin:20px!important}.v-application .ma-md-6{margin:24px!important}.v-application .ma-md-7{margin:28px!important}.v-application .ma-md-8{margin:32px!important}.v-application .ma-md-9{margin:36px!important}.v-application .ma-md-10{margin:40px!important}.v-application .ma-md-11{margin:44px!important}.v-application .ma-md-12{margin:48px!important}.v-application .ma-md-13{margin:52px!important}.v-application .ma-md-14{margin:56px!important}.v-application .ma-md-15{margin:60px!important}.v-application .ma-md-16{margin:64px!important}.v-application .ma-md-auto{margin:auto!important}.v-application .mx-md-0{margin-left:0!important;margin-right:0!important}.v-application .mx-md-1{margin-left:4px!important;margin-right:4px!important}.v-application .mx-md-2{margin-left:8px!important;margin-right:8px!important}.v-application .mx-md-3{margin-left:12px!important;margin-right:12px!important}.v-application .mx-md-4{margin-left:16px!important;margin-right:16px!important}.v-application .mx-md-5{margin-left:20px!important;margin-right:20px!important}.v-application .mx-md-6{margin-left:24px!important;margin-right:24px!important}.v-application .mx-md-7{margin-left:28px!important;margin-right:28px!important}.v-application .mx-md-8{margin-left:32px!important;margin-right:32px!important}.v-application .mx-md-9{margin-left:36px!important;margin-right:36px!important}.v-application .mx-md-10{margin-left:40px!important;margin-right:40px!important}.v-application .mx-md-11{margin-left:44px!important;margin-right:44px!important}.v-application .mx-md-12{margin-left:48px!important;margin-right:48px!important}.v-application .mx-md-13{margin-left:52px!important;margin-right:52px!important}.v-application .mx-md-14{margin-left:56px!important;margin-right:56px!important}.v-application .mx-md-15{margin-left:60px!important;margin-right:60px!important}.v-application .mx-md-16{margin-left:64px!important;margin-right:64px!important}.v-application .mx-md-auto{margin-left:auto!important;margin-right:auto!important}.v-application .my-md-0{margin-bottom:0!important;margin-top:0!important}.v-application .my-md-1{margin-bottom:4px!important;margin-top:4px!important}.v-application .my-md-2{margin-bottom:8px!important;margin-top:8px!important}.v-application .my-md-3{margin-bottom:12px!important;margin-top:12px!important}.v-application .my-md-4{margin-bottom:16px!important;margin-top:16px!important}.v-application .my-md-5{margin-bottom:20px!important;margin-top:20px!important}.v-application .my-md-6{margin-bottom:24px!important;margin-top:24px!important}.v-application .my-md-7{margin-bottom:28px!important;margin-top:28px!important}.v-application .my-md-8{margin-bottom:32px!important;margin-top:32px!important}.v-application .my-md-9{margin-bottom:36px!important;margin-top:36px!important}.v-application .my-md-10{margin-bottom:40px!important;margin-top:40px!important}.v-application .my-md-11{margin-bottom:44px!important;margin-top:44px!important}.v-application .my-md-12{margin-bottom:48px!important;margin-top:48px!important}.v-application .my-md-13{margin-bottom:52px!important;margin-top:52px!important}.v-application .my-md-14{margin-bottom:56px!important;margin-top:56px!important}.v-application .my-md-15{margin-bottom:60px!important;margin-top:60px!important}.v-application .my-md-16{margin-bottom:64px!important;margin-top:64px!important}.v-application .my-md-auto{margin-bottom:auto!important;margin-top:auto!important}.v-application .mt-md-0{margin-top:0!important}.v-application .mt-md-1{margin-top:4px!important}.v-application .mt-md-2{margin-top:8px!important}.v-application .mt-md-3{margin-top:12px!important}.v-application .mt-md-4{margin-top:16px!important}.v-application .mt-md-5{margin-top:20px!important}.v-application .mt-md-6{margin-top:24px!important}.v-application .mt-md-7{margin-top:28px!important}.v-application .mt-md-8{margin-top:32px!important}.v-application .mt-md-9{margin-top:36px!important}.v-application .mt-md-10{margin-top:40px!important}.v-application .mt-md-11{margin-top:44px!important}.v-application .mt-md-12{margin-top:48px!important}.v-application .mt-md-13{margin-top:52px!important}.v-application .mt-md-14{margin-top:56px!important}.v-application .mt-md-15{margin-top:60px!important}.v-application .mt-md-16{margin-top:64px!important}.v-application .mt-md-auto{margin-top:auto!important}.v-application .mr-md-0{margin-right:0!important}.v-application .mr-md-1{margin-right:4px!important}.v-application .mr-md-2{margin-right:8px!important}.v-application .mr-md-3{margin-right:12px!important}.v-application .mr-md-4{margin-right:16px!important}.v-application .mr-md-5{margin-right:20px!important}.v-application .mr-md-6{margin-right:24px!important}.v-application .mr-md-7{margin-right:28px!important}.v-application .mr-md-8{margin-right:32px!important}.v-application .mr-md-9{margin-right:36px!important}.v-application .mr-md-10{margin-right:40px!important}.v-application .mr-md-11{margin-right:44px!important}.v-application .mr-md-12{margin-right:48px!important}.v-application .mr-md-13{margin-right:52px!important}.v-application .mr-md-14{margin-right:56px!important}.v-application .mr-md-15{margin-right:60px!important}.v-application .mr-md-16{margin-right:64px!important}.v-application .mr-md-auto{margin-right:auto!important}.v-application .mb-md-0{margin-bottom:0!important}.v-application .mb-md-1{margin-bottom:4px!important}.v-application .mb-md-2{margin-bottom:8px!important}.v-application .mb-md-3{margin-bottom:12px!important}.v-application .mb-md-4{margin-bottom:16px!important}.v-application .mb-md-5{margin-bottom:20px!important}.v-application .mb-md-6{margin-bottom:24px!important}.v-application .mb-md-7{margin-bottom:28px!important}.v-application .mb-md-8{margin-bottom:32px!important}.v-application .mb-md-9{margin-bottom:36px!important}.v-application .mb-md-10{margin-bottom:40px!important}.v-application .mb-md-11{margin-bottom:44px!important}.v-application .mb-md-12{margin-bottom:48px!important}.v-application .mb-md-13{margin-bottom:52px!important}.v-application .mb-md-14{margin-bottom:56px!important}.v-application .mb-md-15{margin-bottom:60px!important}.v-application .mb-md-16{margin-bottom:64px!important}.v-application .mb-md-auto{margin-bottom:auto!important}.v-application .ml-md-0{margin-left:0!important}.v-application .ml-md-1{margin-left:4px!important}.v-application .ml-md-2{margin-left:8px!important}.v-application .ml-md-3{margin-left:12px!important}.v-application .ml-md-4{margin-left:16px!important}.v-application .ml-md-5{margin-left:20px!important}.v-application .ml-md-6{margin-left:24px!important}.v-application .ml-md-7{margin-left:28px!important}.v-application .ml-md-8{margin-left:32px!important}.v-application .ml-md-9{margin-left:36px!important}.v-application .ml-md-10{margin-left:40px!important}.v-application .ml-md-11{margin-left:44px!important}.v-application .ml-md-12{margin-left:48px!important}.v-application .ml-md-13{margin-left:52px!important}.v-application .ml-md-14{margin-left:56px!important}.v-application .ml-md-15{margin-left:60px!important}.v-application .ml-md-16{margin-left:64px!important}.v-application .ml-md-auto{margin-left:auto!important}.v-application--is-ltr .ms-md-0{margin-left:0!important}.v-application--is-rtl .ms-md-0{margin-right:0!important}.v-application--is-ltr .ms-md-1{margin-left:4px!important}.v-application--is-rtl .ms-md-1{margin-right:4px!important}.v-application--is-ltr .ms-md-2{margin-left:8px!important}.v-application--is-rtl .ms-md-2{margin-right:8px!important}.v-application--is-ltr .ms-md-3{margin-left:12px!important}.v-application--is-rtl .ms-md-3{margin-right:12px!important}.v-application--is-ltr .ms-md-4{margin-left:16px!important}.v-application--is-rtl .ms-md-4{margin-right:16px!important}.v-application--is-ltr .ms-md-5{margin-left:20px!important}.v-application--is-rtl .ms-md-5{margin-right:20px!important}.v-application--is-ltr .ms-md-6{margin-left:24px!important}.v-application--is-rtl .ms-md-6{margin-right:24px!important}.v-application--is-ltr .ms-md-7{margin-left:28px!important}.v-application--is-rtl .ms-md-7{margin-right:28px!important}.v-application--is-ltr .ms-md-8{margin-left:32px!important}.v-application--is-rtl .ms-md-8{margin-right:32px!important}.v-application--is-ltr .ms-md-9{margin-left:36px!important}.v-application--is-rtl .ms-md-9{margin-right:36px!important}.v-application--is-ltr .ms-md-10{margin-left:40px!important}.v-application--is-rtl .ms-md-10{margin-right:40px!important}.v-application--is-ltr .ms-md-11{margin-left:44px!important}.v-application--is-rtl .ms-md-11{margin-right:44px!important}.v-application--is-ltr .ms-md-12{margin-left:48px!important}.v-application--is-rtl .ms-md-12{margin-right:48px!important}.v-application--is-ltr .ms-md-13{margin-left:52px!important}.v-application--is-rtl .ms-md-13{margin-right:52px!important}.v-application--is-ltr .ms-md-14{margin-left:56px!important}.v-application--is-rtl .ms-md-14{margin-right:56px!important}.v-application--is-ltr .ms-md-15{margin-left:60px!important}.v-application--is-rtl .ms-md-15{margin-right:60px!important}.v-application--is-ltr .ms-md-16{margin-left:64px!important}.v-application--is-rtl .ms-md-16{margin-right:64px!important}.v-application--is-ltr .ms-md-auto{margin-left:auto!important}.v-application--is-rtl .ms-md-auto{margin-right:auto!important}.v-application--is-ltr .me-md-0{margin-right:0!important}.v-application--is-rtl .me-md-0{margin-left:0!important}.v-application--is-ltr .me-md-1{margin-right:4px!important}.v-application--is-rtl .me-md-1{margin-left:4px!important}.v-application--is-ltr .me-md-2{margin-right:8px!important}.v-application--is-rtl .me-md-2{margin-left:8px!important}.v-application--is-ltr .me-md-3{margin-right:12px!important}.v-application--is-rtl .me-md-3{margin-left:12px!important}.v-application--is-ltr .me-md-4{margin-right:16px!important}.v-application--is-rtl .me-md-4{margin-left:16px!important}.v-application--is-ltr .me-md-5{margin-right:20px!important}.v-application--is-rtl .me-md-5{margin-left:20px!important}.v-application--is-ltr .me-md-6{margin-right:24px!important}.v-application--is-rtl .me-md-6{margin-left:24px!important}.v-application--is-ltr .me-md-7{margin-right:28px!important}.v-application--is-rtl .me-md-7{margin-left:28px!important}.v-application--is-ltr .me-md-8{margin-right:32px!important}.v-application--is-rtl .me-md-8{margin-left:32px!important}.v-application--is-ltr .me-md-9{margin-right:36px!important}.v-application--is-rtl .me-md-9{margin-left:36px!important}.v-application--is-ltr .me-md-10{margin-right:40px!important}.v-application--is-rtl .me-md-10{margin-left:40px!important}.v-application--is-ltr .me-md-11{margin-right:44px!important}.v-application--is-rtl .me-md-11{margin-left:44px!important}.v-application--is-ltr .me-md-12{margin-right:48px!important}.v-application--is-rtl .me-md-12{margin-left:48px!important}.v-application--is-ltr .me-md-13{margin-right:52px!important}.v-application--is-rtl .me-md-13{margin-left:52px!important}.v-application--is-ltr .me-md-14{margin-right:56px!important}.v-application--is-rtl .me-md-14{margin-left:56px!important}.v-application--is-ltr .me-md-15{margin-right:60px!important}.v-application--is-rtl .me-md-15{margin-left:60px!important}.v-application--is-ltr .me-md-16{margin-right:64px!important}.v-application--is-rtl .me-md-16{margin-left:64px!important}.v-application--is-ltr .me-md-auto{margin-right:auto!important}.v-application--is-rtl .me-md-auto{margin-left:auto!important}.v-application .ma-md-n1{margin:-4px!important}.v-application .ma-md-n2{margin:-8px!important}.v-application .ma-md-n3{margin:-12px!important}.v-application .ma-md-n4{margin:-16px!important}.v-application .ma-md-n5{margin:-20px!important}.v-application .ma-md-n6{margin:-24px!important}.v-application .ma-md-n7{margin:-28px!important}.v-application .ma-md-n8{margin:-32px!important}.v-application .ma-md-n9{margin:-36px!important}.v-application .ma-md-n10{margin:-40px!important}.v-application .ma-md-n11{margin:-44px!important}.v-application .ma-md-n12{margin:-48px!important}.v-application .ma-md-n13{margin:-52px!important}.v-application .ma-md-n14{margin:-56px!important}.v-application .ma-md-n15{margin:-60px!important}.v-application .ma-md-n16{margin:-64px!important}.v-application .mx-md-n1{margin-left:-4px!important;margin-right:-4px!important}.v-application .mx-md-n2{margin-left:-8px!important;margin-right:-8px!important}.v-application .mx-md-n3{margin-left:-12px!important;margin-right:-12px!important}.v-application .mx-md-n4{margin-left:-16px!important;margin-right:-16px!important}.v-application .mx-md-n5{margin-left:-20px!important;margin-right:-20px!important}.v-application .mx-md-n6{margin-left:-24px!important;margin-right:-24px!important}.v-application .mx-md-n7{margin-left:-28px!important;margin-right:-28px!important}.v-application .mx-md-n8{margin-left:-32px!important;margin-right:-32px!important}.v-application .mx-md-n9{margin-left:-36px!important;margin-right:-36px!important}.v-application .mx-md-n10{margin-left:-40px!important;margin-right:-40px!important}.v-application .mx-md-n11{margin-left:-44px!important;margin-right:-44px!important}.v-application .mx-md-n12{margin-left:-48px!important;margin-right:-48px!important}.v-application .mx-md-n13{margin-left:-52px!important;margin-right:-52px!important}.v-application .mx-md-n14{margin-left:-56px!important;margin-right:-56px!important}.v-application .mx-md-n15{margin-left:-60px!important;margin-right:-60px!important}.v-application .mx-md-n16{margin-left:-64px!important;margin-right:-64px!important}.v-application .my-md-n1{margin-bottom:-4px!important;margin-top:-4px!important}.v-application .my-md-n2{margin-bottom:-8px!important;margin-top:-8px!important}.v-application .my-md-n3{margin-bottom:-12px!important;margin-top:-12px!important}.v-application .my-md-n4{margin-bottom:-16px!important;margin-top:-16px!important}.v-application .my-md-n5{margin-bottom:-20px!important;margin-top:-20px!important}.v-application .my-md-n6{margin-bottom:-24px!important;margin-top:-24px!important}.v-application .my-md-n7{margin-bottom:-28px!important;margin-top:-28px!important}.v-application .my-md-n8{margin-bottom:-32px!important;margin-top:-32px!important}.v-application .my-md-n9{margin-bottom:-36px!important;margin-top:-36px!important}.v-application .my-md-n10{margin-bottom:-40px!important;margin-top:-40px!important}.v-application .my-md-n11{margin-bottom:-44px!important;margin-top:-44px!important}.v-application .my-md-n12{margin-bottom:-48px!important;margin-top:-48px!important}.v-application .my-md-n13{margin-bottom:-52px!important;margin-top:-52px!important}.v-application .my-md-n14{margin-bottom:-56px!important;margin-top:-56px!important}.v-application .my-md-n15{margin-bottom:-60px!important;margin-top:-60px!important}.v-application .my-md-n16{margin-bottom:-64px!important;margin-top:-64px!important}.v-application .mt-md-n1{margin-top:-4px!important}.v-application .mt-md-n2{margin-top:-8px!important}.v-application .mt-md-n3{margin-top:-12px!important}.v-application .mt-md-n4{margin-top:-16px!important}.v-application .mt-md-n5{margin-top:-20px!important}.v-application .mt-md-n6{margin-top:-24px!important}.v-application .mt-md-n7{margin-top:-28px!important}.v-application .mt-md-n8{margin-top:-32px!important}.v-application .mt-md-n9{margin-top:-36px!important}.v-application .mt-md-n10{margin-top:-40px!important}.v-application .mt-md-n11{margin-top:-44px!important}.v-application .mt-md-n12{margin-top:-48px!important}.v-application .mt-md-n13{margin-top:-52px!important}.v-application .mt-md-n14{margin-top:-56px!important}.v-application .mt-md-n15{margin-top:-60px!important}.v-application .mt-md-n16{margin-top:-64px!important}.v-application .mr-md-n1{margin-right:-4px!important}.v-application .mr-md-n2{margin-right:-8px!important}.v-application .mr-md-n3{margin-right:-12px!important}.v-application .mr-md-n4{margin-right:-16px!important}.v-application .mr-md-n5{margin-right:-20px!important}.v-application .mr-md-n6{margin-right:-24px!important}.v-application .mr-md-n7{margin-right:-28px!important}.v-application .mr-md-n8{margin-right:-32px!important}.v-application .mr-md-n9{margin-right:-36px!important}.v-application .mr-md-n10{margin-right:-40px!important}.v-application .mr-md-n11{margin-right:-44px!important}.v-application .mr-md-n12{margin-right:-48px!important}.v-application .mr-md-n13{margin-right:-52px!important}.v-application .mr-md-n14{margin-right:-56px!important}.v-application .mr-md-n15{margin-right:-60px!important}.v-application .mr-md-n16{margin-right:-64px!important}.v-application .mb-md-n1{margin-bottom:-4px!important}.v-application .mb-md-n2{margin-bottom:-8px!important}.v-application .mb-md-n3{margin-bottom:-12px!important}.v-application .mb-md-n4{margin-bottom:-16px!important}.v-application .mb-md-n5{margin-bottom:-20px!important}.v-application .mb-md-n6{margin-bottom:-24px!important}.v-application .mb-md-n7{margin-bottom:-28px!important}.v-application .mb-md-n8{margin-bottom:-32px!important}.v-application .mb-md-n9{margin-bottom:-36px!important}.v-application .mb-md-n10{margin-bottom:-40px!important}.v-application .mb-md-n11{margin-bottom:-44px!important}.v-application .mb-md-n12{margin-bottom:-48px!important}.v-application .mb-md-n13{margin-bottom:-52px!important}.v-application .mb-md-n14{margin-bottom:-56px!important}.v-application .mb-md-n15{margin-bottom:-60px!important}.v-application .mb-md-n16{margin-bottom:-64px!important}.v-application .ml-md-n1{margin-left:-4px!important}.v-application .ml-md-n2{margin-left:-8px!important}.v-application .ml-md-n3{margin-left:-12px!important}.v-application .ml-md-n4{margin-left:-16px!important}.v-application .ml-md-n5{margin-left:-20px!important}.v-application .ml-md-n6{margin-left:-24px!important}.v-application .ml-md-n7{margin-left:-28px!important}.v-application .ml-md-n8{margin-left:-32px!important}.v-application .ml-md-n9{margin-left:-36px!important}.v-application .ml-md-n10{margin-left:-40px!important}.v-application .ml-md-n11{margin-left:-44px!important}.v-application .ml-md-n12{margin-left:-48px!important}.v-application .ml-md-n13{margin-left:-52px!important}.v-application .ml-md-n14{margin-left:-56px!important}.v-application .ml-md-n15{margin-left:-60px!important}.v-application .ml-md-n16{margin-left:-64px!important}.v-application--is-ltr .ms-md-n1{margin-left:-4px!important}.v-application--is-rtl .ms-md-n1{margin-right:-4px!important}.v-application--is-ltr .ms-md-n2{margin-left:-8px!important}.v-application--is-rtl .ms-md-n2{margin-right:-8px!important}.v-application--is-ltr .ms-md-n3{margin-left:-12px!important}.v-application--is-rtl .ms-md-n3{margin-right:-12px!important}.v-application--is-ltr .ms-md-n4{margin-left:-16px!important}.v-application--is-rtl .ms-md-n4{margin-right:-16px!important}.v-application--is-ltr .ms-md-n5{margin-left:-20px!important}.v-application--is-rtl .ms-md-n5{margin-right:-20px!important}.v-application--is-ltr .ms-md-n6{margin-left:-24px!important}.v-application--is-rtl .ms-md-n6{margin-right:-24px!important}.v-application--is-ltr .ms-md-n7{margin-left:-28px!important}.v-application--is-rtl .ms-md-n7{margin-right:-28px!important}.v-application--is-ltr .ms-md-n8{margin-left:-32px!important}.v-application--is-rtl .ms-md-n8{margin-right:-32px!important}.v-application--is-ltr .ms-md-n9{margin-left:-36px!important}.v-application--is-rtl .ms-md-n9{margin-right:-36px!important}.v-application--is-ltr .ms-md-n10{margin-left:-40px!important}.v-application--is-rtl .ms-md-n10{margin-right:-40px!important}.v-application--is-ltr .ms-md-n11{margin-left:-44px!important}.v-application--is-rtl .ms-md-n11{margin-right:-44px!important}.v-application--is-ltr .ms-md-n12{margin-left:-48px!important}.v-application--is-rtl .ms-md-n12{margin-right:-48px!important}.v-application--is-ltr .ms-md-n13{margin-left:-52px!important}.v-application--is-rtl .ms-md-n13{margin-right:-52px!important}.v-application--is-ltr .ms-md-n14{margin-left:-56px!important}.v-application--is-rtl .ms-md-n14{margin-right:-56px!important}.v-application--is-ltr .ms-md-n15{margin-left:-60px!important}.v-application--is-rtl .ms-md-n15{margin-right:-60px!important}.v-application--is-ltr .ms-md-n16{margin-left:-64px!important}.v-application--is-rtl .ms-md-n16{margin-right:-64px!important}.v-application--is-ltr .me-md-n1{margin-right:-4px!important}.v-application--is-rtl .me-md-n1{margin-left:-4px!important}.v-application--is-ltr .me-md-n2{margin-right:-8px!important}.v-application--is-rtl .me-md-n2{margin-left:-8px!important}.v-application--is-ltr .me-md-n3{margin-right:-12px!important}.v-application--is-rtl .me-md-n3{margin-left:-12px!important}.v-application--is-ltr .me-md-n4{margin-right:-16px!important}.v-application--is-rtl .me-md-n4{margin-left:-16px!important}.v-application--is-ltr .me-md-n5{margin-right:-20px!important}.v-application--is-rtl .me-md-n5{margin-left:-20px!important}.v-application--is-ltr .me-md-n6{margin-right:-24px!important}.v-application--is-rtl .me-md-n6{margin-left:-24px!important}.v-application--is-ltr .me-md-n7{margin-right:-28px!important}.v-application--is-rtl .me-md-n7{margin-left:-28px!important}.v-application--is-ltr .me-md-n8{margin-right:-32px!important}.v-application--is-rtl .me-md-n8{margin-left:-32px!important}.v-application--is-ltr .me-md-n9{margin-right:-36px!important}.v-application--is-rtl .me-md-n9{margin-left:-36px!important}.v-application--is-ltr .me-md-n10{margin-right:-40px!important}.v-application--is-rtl .me-md-n10{margin-left:-40px!important}.v-application--is-ltr .me-md-n11{margin-right:-44px!important}.v-application--is-rtl .me-md-n11{margin-left:-44px!important}.v-application--is-ltr .me-md-n12{margin-right:-48px!important}.v-application--is-rtl .me-md-n12{margin-left:-48px!important}.v-application--is-ltr .me-md-n13{margin-right:-52px!important}.v-application--is-rtl .me-md-n13{margin-left:-52px!important}.v-application--is-ltr .me-md-n14{margin-right:-56px!important}.v-application--is-rtl .me-md-n14{margin-left:-56px!important}.v-application--is-ltr .me-md-n15{margin-right:-60px!important}.v-application--is-rtl .me-md-n15{margin-left:-60px!important}.v-application--is-ltr .me-md-n16{margin-right:-64px!important}.v-application--is-rtl .me-md-n16{margin-left:-64px!important}.v-application .pa-md-0{padding:0!important}.v-application .pa-md-1{padding:4px!important}.v-application .pa-md-2{padding:8px!important}.v-application .pa-md-3{padding:12px!important}.v-application .pa-md-4{padding:16px!important}.v-application .pa-md-5{padding:20px!important}.v-application .pa-md-6{padding:24px!important}.v-application .pa-md-7{padding:28px!important}.v-application .pa-md-8{padding:32px!important}.v-application .pa-md-9{padding:36px!important}.v-application .pa-md-10{padding:40px!important}.v-application .pa-md-11{padding:44px!important}.v-application .pa-md-12{padding:48px!important}.v-application .pa-md-13{padding:52px!important}.v-application .pa-md-14{padding:56px!important}.v-application .pa-md-15{padding:60px!important}.v-application .pa-md-16{padding:64px!important}.v-application .px-md-0{padding-left:0!important;padding-right:0!important}.v-application .px-md-1{padding-left:4px!important;padding-right:4px!important}.v-application .px-md-2{padding-left:8px!important;padding-right:8px!important}.v-application .px-md-3{padding-left:12px!important;padding-right:12px!important}.v-application .px-md-4{padding-left:16px!important;padding-right:16px!important}.v-application .px-md-5{padding-left:20px!important;padding-right:20px!important}.v-application .px-md-6{padding-left:24px!important;padding-right:24px!important}.v-application .px-md-7{padding-left:28px!important;padding-right:28px!important}.v-application .px-md-8{padding-left:32px!important;padding-right:32px!important}.v-application .px-md-9{padding-left:36px!important;padding-right:36px!important}.v-application .px-md-10{padding-left:40px!important;padding-right:40px!important}.v-application .px-md-11{padding-left:44px!important;padding-right:44px!important}.v-application .px-md-12{padding-left:48px!important;padding-right:48px!important}.v-application .px-md-13{padding-left:52px!important;padding-right:52px!important}.v-application .px-md-14{padding-left:56px!important;padding-right:56px!important}.v-application .px-md-15{padding-left:60px!important;padding-right:60px!important}.v-application .px-md-16{padding-left:64px!important;padding-right:64px!important}.v-application .py-md-0{padding-bottom:0!important;padding-top:0!important}.v-application .py-md-1{padding-bottom:4px!important;padding-top:4px!important}.v-application .py-md-2{padding-bottom:8px!important;padding-top:8px!important}.v-application .py-md-3{padding-bottom:12px!important;padding-top:12px!important}.v-application .py-md-4{padding-bottom:16px!important;padding-top:16px!important}.v-application .py-md-5{padding-bottom:20px!important;padding-top:20px!important}.v-application .py-md-6{padding-bottom:24px!important;padding-top:24px!important}.v-application .py-md-7{padding-bottom:28px!important;padding-top:28px!important}.v-application .py-md-8{padding-bottom:32px!important;padding-top:32px!important}.v-application .py-md-9{padding-bottom:36px!important;padding-top:36px!important}.v-application .py-md-10{padding-bottom:40px!important;padding-top:40px!important}.v-application .py-md-11{padding-bottom:44px!important;padding-top:44px!important}.v-application .py-md-12{padding-bottom:48px!important;padding-top:48px!important}.v-application .py-md-13{padding-bottom:52px!important;padding-top:52px!important}.v-application .py-md-14{padding-bottom:56px!important;padding-top:56px!important}.v-application .py-md-15{padding-bottom:60px!important;padding-top:60px!important}.v-application .py-md-16{padding-bottom:64px!important;padding-top:64px!important}.v-application .pt-md-0{padding-top:0!important}.v-application .pt-md-1{padding-top:4px!important}.v-application .pt-md-2{padding-top:8px!important}.v-application .pt-md-3{padding-top:12px!important}.v-application .pt-md-4{padding-top:16px!important}.v-application .pt-md-5{padding-top:20px!important}.v-application .pt-md-6{padding-top:24px!important}.v-application .pt-md-7{padding-top:28px!important}.v-application .pt-md-8{padding-top:32px!important}.v-application .pt-md-9{padding-top:36px!important}.v-application .pt-md-10{padding-top:40px!important}.v-application .pt-md-11{padding-top:44px!important}.v-application .pt-md-12{padding-top:48px!important}.v-application .pt-md-13{padding-top:52px!important}.v-application .pt-md-14{padding-top:56px!important}.v-application .pt-md-15{padding-top:60px!important}.v-application .pt-md-16{padding-top:64px!important}.v-application .pr-md-0{padding-right:0!important}.v-application .pr-md-1{padding-right:4px!important}.v-application .pr-md-2{padding-right:8px!important}.v-application .pr-md-3{padding-right:12px!important}.v-application .pr-md-4{padding-right:16px!important}.v-application .pr-md-5{padding-right:20px!important}.v-application .pr-md-6{padding-right:24px!important}.v-application .pr-md-7{padding-right:28px!important}.v-application .pr-md-8{padding-right:32px!important}.v-application .pr-md-9{padding-right:36px!important}.v-application .pr-md-10{padding-right:40px!important}.v-application .pr-md-11{padding-right:44px!important}.v-application .pr-md-12{padding-right:48px!important}.v-application .pr-md-13{padding-right:52px!important}.v-application .pr-md-14{padding-right:56px!important}.v-application .pr-md-15{padding-right:60px!important}.v-application .pr-md-16{padding-right:64px!important}.v-application .pb-md-0{padding-bottom:0!important}.v-application .pb-md-1{padding-bottom:4px!important}.v-application .pb-md-2{padding-bottom:8px!important}.v-application .pb-md-3{padding-bottom:12px!important}.v-application .pb-md-4{padding-bottom:16px!important}.v-application .pb-md-5{padding-bottom:20px!important}.v-application .pb-md-6{padding-bottom:24px!important}.v-application .pb-md-7{padding-bottom:28px!important}.v-application .pb-md-8{padding-bottom:32px!important}.v-application .pb-md-9{padding-bottom:36px!important}.v-application .pb-md-10{padding-bottom:40px!important}.v-application .pb-md-11{padding-bottom:44px!important}.v-application .pb-md-12{padding-bottom:48px!important}.v-application .pb-md-13{padding-bottom:52px!important}.v-application .pb-md-14{padding-bottom:56px!important}.v-application .pb-md-15{padding-bottom:60px!important}.v-application .pb-md-16{padding-bottom:64px!important}.v-application .pl-md-0{padding-left:0!important}.v-application .pl-md-1{padding-left:4px!important}.v-application .pl-md-2{padding-left:8px!important}.v-application .pl-md-3{padding-left:12px!important}.v-application .pl-md-4{padding-left:16px!important}.v-application .pl-md-5{padding-left:20px!important}.v-application .pl-md-6{padding-left:24px!important}.v-application .pl-md-7{padding-left:28px!important}.v-application .pl-md-8{padding-left:32px!important}.v-application .pl-md-9{padding-left:36px!important}.v-application .pl-md-10{padding-left:40px!important}.v-application .pl-md-11{padding-left:44px!important}.v-application .pl-md-12{padding-left:48px!important}.v-application .pl-md-13{padding-left:52px!important}.v-application .pl-md-14{padding-left:56px!important}.v-application .pl-md-15{padding-left:60px!important}.v-application .pl-md-16{padding-left:64px!important}.v-application--is-ltr .ps-md-0{padding-left:0!important}.v-application--is-rtl .ps-md-0{padding-right:0!important}.v-application--is-ltr .ps-md-1{padding-left:4px!important}.v-application--is-rtl .ps-md-1{padding-right:4px!important}.v-application--is-ltr .ps-md-2{padding-left:8px!important}.v-application--is-rtl .ps-md-2{padding-right:8px!important}.v-application--is-ltr .ps-md-3{padding-left:12px!important}.v-application--is-rtl .ps-md-3{padding-right:12px!important}.v-application--is-ltr .ps-md-4{padding-left:16px!important}.v-application--is-rtl .ps-md-4{padding-right:16px!important}.v-application--is-ltr .ps-md-5{padding-left:20px!important}.v-application--is-rtl .ps-md-5{padding-right:20px!important}.v-application--is-ltr .ps-md-6{padding-left:24px!important}.v-application--is-rtl .ps-md-6{padding-right:24px!important}.v-application--is-ltr .ps-md-7{padding-left:28px!important}.v-application--is-rtl .ps-md-7{padding-right:28px!important}.v-application--is-ltr .ps-md-8{padding-left:32px!important}.v-application--is-rtl .ps-md-8{padding-right:32px!important}.v-application--is-ltr .ps-md-9{padding-left:36px!important}.v-application--is-rtl .ps-md-9{padding-right:36px!important}.v-application--is-ltr .ps-md-10{padding-left:40px!important}.v-application--is-rtl .ps-md-10{padding-right:40px!important}.v-application--is-ltr .ps-md-11{padding-left:44px!important}.v-application--is-rtl .ps-md-11{padding-right:44px!important}.v-application--is-ltr .ps-md-12{padding-left:48px!important}.v-application--is-rtl .ps-md-12{padding-right:48px!important}.v-application--is-ltr .ps-md-13{padding-left:52px!important}.v-application--is-rtl .ps-md-13{padding-right:52px!important}.v-application--is-ltr .ps-md-14{padding-left:56px!important}.v-application--is-rtl .ps-md-14{padding-right:56px!important}.v-application--is-ltr .ps-md-15{padding-left:60px!important}.v-application--is-rtl .ps-md-15{padding-right:60px!important}.v-application--is-ltr .ps-md-16{padding-left:64px!important}.v-application--is-rtl .ps-md-16{padding-right:64px!important}.v-application--is-ltr .pe-md-0{padding-right:0!important}.v-application--is-rtl .pe-md-0{padding-left:0!important}.v-application--is-ltr .pe-md-1{padding-right:4px!important}.v-application--is-rtl .pe-md-1{padding-left:4px!important}.v-application--is-ltr .pe-md-2{padding-right:8px!important}.v-application--is-rtl .pe-md-2{padding-left:8px!important}.v-application--is-ltr .pe-md-3{padding-right:12px!important}.v-application--is-rtl .pe-md-3{padding-left:12px!important}.v-application--is-ltr .pe-md-4{padding-right:16px!important}.v-application--is-rtl .pe-md-4{padding-left:16px!important}.v-application--is-ltr .pe-md-5{padding-right:20px!important}.v-application--is-rtl .pe-md-5{padding-left:20px!important}.v-application--is-ltr .pe-md-6{padding-right:24px!important}.v-application--is-rtl .pe-md-6{padding-left:24px!important}.v-application--is-ltr .pe-md-7{padding-right:28px!important}.v-application--is-rtl .pe-md-7{padding-left:28px!important}.v-application--is-ltr .pe-md-8{padding-right:32px!important}.v-application--is-rtl .pe-md-8{padding-left:32px!important}.v-application--is-ltr .pe-md-9{padding-right:36px!important}.v-application--is-rtl .pe-md-9{padding-left:36px!important}.v-application--is-ltr .pe-md-10{padding-right:40px!important}.v-application--is-rtl .pe-md-10{padding-left:40px!important}.v-application--is-ltr .pe-md-11{padding-right:44px!important}.v-application--is-rtl .pe-md-11{padding-left:44px!important}.v-application--is-ltr .pe-md-12{padding-right:48px!important}.v-application--is-rtl .pe-md-12{padding-left:48px!important}.v-application--is-ltr .pe-md-13{padding-right:52px!important}.v-application--is-rtl .pe-md-13{padding-left:52px!important}.v-application--is-ltr .pe-md-14{padding-right:56px!important}.v-application--is-rtl .pe-md-14{padding-left:56px!important}.v-application--is-ltr .pe-md-15{padding-right:60px!important}.v-application--is-rtl .pe-md-15{padding-left:60px!important}.v-application--is-ltr .pe-md-16{padding-right:64px!important}.v-application--is-rtl .pe-md-16{padding-left:64px!important}.v-application .text-md-left{text-align:left!important}.v-application .text-md-right{text-align:right!important}.v-application .text-md-center{text-align:center!important}.v-application .text-md-justify{text-align:justify!important}.v-application .text-md-start{text-align:left!important}.v-application .text-md-end{text-align:right!important}.v-application .text-md-h1{font-size:6rem!important;letter-spacing:-.015625em!important;line-height:6rem}.v-application .text-md-h1,.v-application .text-md-h2{font-family:Nunito,sans-serif!important;font-weight:300}.v-application .text-md-h2{font-size:3.75rem!important;letter-spacing:-.0083333333em!important;line-height:3.75rem}.v-application .text-md-h3{font-size:3rem!important;letter-spacing:normal!important;line-height:3.125rem}.v-application .text-md-h3,.v-application .text-md-h4{font-family:Nunito,sans-serif!important;font-weight:400}.v-application .text-md-h4{font-size:2.125rem!important;letter-spacing:.0073529412em!important;line-height:2.5rem}.v-application .text-md-h5{font-size:1.5rem!important;font-weight:400;letter-spacing:normal!important}.v-application .text-md-h5,.v-application .text-md-h6{font-family:Nunito,sans-serif!important;line-height:2rem}.v-application .text-md-h6{font-size:1.25rem!important;font-weight:500;letter-spacing:.0125em!important}.v-application .text-md-subtitle-1{font-family:Nunito,sans-serif!important;font-size:1rem!important;font-weight:400;letter-spacing:.009375em!important;line-height:1.75rem}.v-application .text-md-subtitle-2{font-family:Nunito,sans-serif!important;font-size:.875rem!important;font-weight:500;letter-spacing:.0071428571em!important;line-height:1.375rem}.v-application .text-md-body-1{font-family:Nunito,sans-serif!important;font-size:1rem!important;font-weight:400;letter-spacing:.03125em!important;line-height:1.5rem}.v-application .text-md-body-2{font-weight:400;letter-spacing:.0178571429em!important;line-height:1.25rem}.v-application .text-md-body-2,.v-application .text-md-button{font-family:Nunito,sans-serif!important;font-size:.875rem!important}.v-application .text-md-button{font-weight:500;letter-spacing:.0892857143em!important;line-height:2.25rem;text-transform:uppercase!important}.v-application .text-md-caption{font-weight:400;letter-spacing:.0333333333em!important;line-height:1.25rem}.v-application .text-md-caption,.v-application .text-md-overline{font-family:Nunito,sans-serif!important;font-size:.75rem!important}.v-application .text-md-overline{font-weight:500;letter-spacing:.1666666667em!important;line-height:2rem;text-transform:uppercase!important}}@media(min-width:1280px){.v-application .d-lg-none{display:none!important}.v-application .d-lg-inline{display:inline!important}.v-application .d-lg-inline-block{display:inline-block!important}.v-application .d-lg-block{display:block!important}.v-application .d-lg-table{display:table!important}.v-application .d-lg-table-row{display:table-row!important}.v-application .d-lg-table-cell{display:table-cell!important}.v-application .d-lg-flex{display:flex!important}.v-application .d-lg-inline-flex{display:inline-flex!important}.v-application .float-lg-none{float:none!important}.v-application .float-lg-left{float:left!important}.v-application .float-lg-right{float:right!important}.v-application--is-rtl .float-lg-end{float:left!important}.v-application--is-ltr .float-lg-end,.v-application--is-rtl .float-lg-start{float:right!important}.v-application--is-ltr .float-lg-start{float:left!important}.v-application .flex-lg-fill{flex:1 1 auto!important}.v-application .flex-lg-row{flex-direction:row!important}.v-application .flex-lg-column{flex-direction:column!important}.v-application .flex-lg-row-reverse{flex-direction:row-reverse!important}.v-application .flex-lg-column-reverse{flex-direction:column-reverse!important}.v-application .flex-lg-grow-0{flex-grow:0!important}.v-application .flex-lg-grow-1{flex-grow:1!important}.v-application .flex-lg-shrink-0{flex-shrink:0!important}.v-application .flex-lg-shrink-1{flex-shrink:1!important}.v-application .flex-lg-wrap{flex-wrap:wrap!important}.v-application .flex-lg-nowrap{flex-wrap:nowrap!important}.v-application .flex-lg-wrap-reverse{flex-wrap:wrap-reverse!important}.v-application .justify-lg-start{justify-content:flex-start!important}.v-application .justify-lg-end{justify-content:flex-end!important}.v-application .justify-lg-center{justify-content:center!important}.v-application .justify-lg-space-between{justify-content:space-between!important}.v-application .justify-lg-space-around{justify-content:space-around!important}.v-application .align-lg-start{align-items:flex-start!important}.v-application .align-lg-end{align-items:flex-end!important}.v-application .align-lg-center{align-items:center!important}.v-application .align-lg-baseline{align-items:baseline!important}.v-application .align-lg-stretch{align-items:stretch!important}.v-application .align-content-lg-start{align-content:flex-start!important}.v-application .align-content-lg-end{align-content:flex-end!important}.v-application .align-content-lg-center{align-content:center!important}.v-application .align-content-lg-space-between{align-content:space-between!important}.v-application .align-content-lg-space-around{align-content:space-around!important}.v-application .align-content-lg-stretch{align-content:stretch!important}.v-application .align-self-lg-auto{align-self:auto!important}.v-application .align-self-lg-start{align-self:flex-start!important}.v-application .align-self-lg-end{align-self:flex-end!important}.v-application .align-self-lg-center{align-self:center!important}.v-application .align-self-lg-baseline{align-self:baseline!important}.v-application .align-self-lg-stretch{align-self:stretch!important}.v-application .order-lg-first{order:-1!important}.v-application .order-lg-0{order:0!important}.v-application .order-lg-1{order:1!important}.v-application .order-lg-2{order:2!important}.v-application .order-lg-3{order:3!important}.v-application .order-lg-4{order:4!important}.v-application .order-lg-5{order:5!important}.v-application .order-lg-6{order:6!important}.v-application .order-lg-7{order:7!important}.v-application .order-lg-8{order:8!important}.v-application .order-lg-9{order:9!important}.v-application .order-lg-10{order:10!important}.v-application .order-lg-11{order:11!important}.v-application .order-lg-12{order:12!important}.v-application .order-lg-last{order:13!important}.v-application .ma-lg-0{margin:0!important}.v-application .ma-lg-1{margin:4px!important}.v-application .ma-lg-2{margin:8px!important}.v-application .ma-lg-3{margin:12px!important}.v-application .ma-lg-4{margin:16px!important}.v-application .ma-lg-5{margin:20px!important}.v-application .ma-lg-6{margin:24px!important}.v-application .ma-lg-7{margin:28px!important}.v-application .ma-lg-8{margin:32px!important}.v-application .ma-lg-9{margin:36px!important}.v-application .ma-lg-10{margin:40px!important}.v-application .ma-lg-11{margin:44px!important}.v-application .ma-lg-12{margin:48px!important}.v-application .ma-lg-13{margin:52px!important}.v-application .ma-lg-14{margin:56px!important}.v-application .ma-lg-15{margin:60px!important}.v-application .ma-lg-16{margin:64px!important}.v-application .ma-lg-auto{margin:auto!important}.v-application .mx-lg-0{margin-left:0!important;margin-right:0!important}.v-application .mx-lg-1{margin-left:4px!important;margin-right:4px!important}.v-application .mx-lg-2{margin-left:8px!important;margin-right:8px!important}.v-application .mx-lg-3{margin-left:12px!important;margin-right:12px!important}.v-application .mx-lg-4{margin-left:16px!important;margin-right:16px!important}.v-application .mx-lg-5{margin-left:20px!important;margin-right:20px!important}.v-application .mx-lg-6{margin-left:24px!important;margin-right:24px!important}.v-application .mx-lg-7{margin-left:28px!important;margin-right:28px!important}.v-application .mx-lg-8{margin-left:32px!important;margin-right:32px!important}.v-application .mx-lg-9{margin-left:36px!important;margin-right:36px!important}.v-application .mx-lg-10{margin-left:40px!important;margin-right:40px!important}.v-application .mx-lg-11{margin-left:44px!important;margin-right:44px!important}.v-application .mx-lg-12{margin-left:48px!important;margin-right:48px!important}.v-application .mx-lg-13{margin-left:52px!important;margin-right:52px!important}.v-application .mx-lg-14{margin-left:56px!important;margin-right:56px!important}.v-application .mx-lg-15{margin-left:60px!important;margin-right:60px!important}.v-application .mx-lg-16{margin-left:64px!important;margin-right:64px!important}.v-application .mx-lg-auto{margin-left:auto!important;margin-right:auto!important}.v-application .my-lg-0{margin-bottom:0!important;margin-top:0!important}.v-application .my-lg-1{margin-bottom:4px!important;margin-top:4px!important}.v-application .my-lg-2{margin-bottom:8px!important;margin-top:8px!important}.v-application .my-lg-3{margin-bottom:12px!important;margin-top:12px!important}.v-application .my-lg-4{margin-bottom:16px!important;margin-top:16px!important}.v-application .my-lg-5{margin-bottom:20px!important;margin-top:20px!important}.v-application .my-lg-6{margin-bottom:24px!important;margin-top:24px!important}.v-application .my-lg-7{margin-bottom:28px!important;margin-top:28px!important}.v-application .my-lg-8{margin-bottom:32px!important;margin-top:32px!important}.v-application .my-lg-9{margin-bottom:36px!important;margin-top:36px!important}.v-application .my-lg-10{margin-bottom:40px!important;margin-top:40px!important}.v-application .my-lg-11{margin-bottom:44px!important;margin-top:44px!important}.v-application .my-lg-12{margin-bottom:48px!important;margin-top:48px!important}.v-application .my-lg-13{margin-bottom:52px!important;margin-top:52px!important}.v-application .my-lg-14{margin-bottom:56px!important;margin-top:56px!important}.v-application .my-lg-15{margin-bottom:60px!important;margin-top:60px!important}.v-application .my-lg-16{margin-bottom:64px!important;margin-top:64px!important}.v-application .my-lg-auto{margin-bottom:auto!important;margin-top:auto!important}.v-application .mt-lg-0{margin-top:0!important}.v-application .mt-lg-1{margin-top:4px!important}.v-application .mt-lg-2{margin-top:8px!important}.v-application .mt-lg-3{margin-top:12px!important}.v-application .mt-lg-4{margin-top:16px!important}.v-application .mt-lg-5{margin-top:20px!important}.v-application .mt-lg-6{margin-top:24px!important}.v-application .mt-lg-7{margin-top:28px!important}.v-application .mt-lg-8{margin-top:32px!important}.v-application .mt-lg-9{margin-top:36px!important}.v-application .mt-lg-10{margin-top:40px!important}.v-application .mt-lg-11{margin-top:44px!important}.v-application .mt-lg-12{margin-top:48px!important}.v-application .mt-lg-13{margin-top:52px!important}.v-application .mt-lg-14{margin-top:56px!important}.v-application .mt-lg-15{margin-top:60px!important}.v-application .mt-lg-16{margin-top:64px!important}.v-application .mt-lg-auto{margin-top:auto!important}.v-application .mr-lg-0{margin-right:0!important}.v-application .mr-lg-1{margin-right:4px!important}.v-application .mr-lg-2{margin-right:8px!important}.v-application .mr-lg-3{margin-right:12px!important}.v-application .mr-lg-4{margin-right:16px!important}.v-application .mr-lg-5{margin-right:20px!important}.v-application .mr-lg-6{margin-right:24px!important}.v-application .mr-lg-7{margin-right:28px!important}.v-application .mr-lg-8{margin-right:32px!important}.v-application .mr-lg-9{margin-right:36px!important}.v-application .mr-lg-10{margin-right:40px!important}.v-application .mr-lg-11{margin-right:44px!important}.v-application .mr-lg-12{margin-right:48px!important}.v-application .mr-lg-13{margin-right:52px!important}.v-application .mr-lg-14{margin-right:56px!important}.v-application .mr-lg-15{margin-right:60px!important}.v-application .mr-lg-16{margin-right:64px!important}.v-application .mr-lg-auto{margin-right:auto!important}.v-application .mb-lg-0{margin-bottom:0!important}.v-application .mb-lg-1{margin-bottom:4px!important}.v-application .mb-lg-2{margin-bottom:8px!important}.v-application .mb-lg-3{margin-bottom:12px!important}.v-application .mb-lg-4{margin-bottom:16px!important}.v-application .mb-lg-5{margin-bottom:20px!important}.v-application .mb-lg-6{margin-bottom:24px!important}.v-application .mb-lg-7{margin-bottom:28px!important}.v-application .mb-lg-8{margin-bottom:32px!important}.v-application .mb-lg-9{margin-bottom:36px!important}.v-application .mb-lg-10{margin-bottom:40px!important}.v-application .mb-lg-11{margin-bottom:44px!important}.v-application .mb-lg-12{margin-bottom:48px!important}.v-application .mb-lg-13{margin-bottom:52px!important}.v-application .mb-lg-14{margin-bottom:56px!important}.v-application .mb-lg-15{margin-bottom:60px!important}.v-application .mb-lg-16{margin-bottom:64px!important}.v-application .mb-lg-auto{margin-bottom:auto!important}.v-application .ml-lg-0{margin-left:0!important}.v-application .ml-lg-1{margin-left:4px!important}.v-application .ml-lg-2{margin-left:8px!important}.v-application .ml-lg-3{margin-left:12px!important}.v-application .ml-lg-4{margin-left:16px!important}.v-application .ml-lg-5{margin-left:20px!important}.v-application .ml-lg-6{margin-left:24px!important}.v-application .ml-lg-7{margin-left:28px!important}.v-application .ml-lg-8{margin-left:32px!important}.v-application .ml-lg-9{margin-left:36px!important}.v-application .ml-lg-10{margin-left:40px!important}.v-application .ml-lg-11{margin-left:44px!important}.v-application .ml-lg-12{margin-left:48px!important}.v-application .ml-lg-13{margin-left:52px!important}.v-application .ml-lg-14{margin-left:56px!important}.v-application .ml-lg-15{margin-left:60px!important}.v-application .ml-lg-16{margin-left:64px!important}.v-application .ml-lg-auto{margin-left:auto!important}.v-application--is-ltr .ms-lg-0{margin-left:0!important}.v-application--is-rtl .ms-lg-0{margin-right:0!important}.v-application--is-ltr .ms-lg-1{margin-left:4px!important}.v-application--is-rtl .ms-lg-1{margin-right:4px!important}.v-application--is-ltr .ms-lg-2{margin-left:8px!important}.v-application--is-rtl .ms-lg-2{margin-right:8px!important}.v-application--is-ltr .ms-lg-3{margin-left:12px!important}.v-application--is-rtl .ms-lg-3{margin-right:12px!important}.v-application--is-ltr .ms-lg-4{margin-left:16px!important}.v-application--is-rtl .ms-lg-4{margin-right:16px!important}.v-application--is-ltr .ms-lg-5{margin-left:20px!important}.v-application--is-rtl .ms-lg-5{margin-right:20px!important}.v-application--is-ltr .ms-lg-6{margin-left:24px!important}.v-application--is-rtl .ms-lg-6{margin-right:24px!important}.v-application--is-ltr .ms-lg-7{margin-left:28px!important}.v-application--is-rtl .ms-lg-7{margin-right:28px!important}.v-application--is-ltr .ms-lg-8{margin-left:32px!important}.v-application--is-rtl .ms-lg-8{margin-right:32px!important}.v-application--is-ltr .ms-lg-9{margin-left:36px!important}.v-application--is-rtl .ms-lg-9{margin-right:36px!important}.v-application--is-ltr .ms-lg-10{margin-left:40px!important}.v-application--is-rtl .ms-lg-10{margin-right:40px!important}.v-application--is-ltr .ms-lg-11{margin-left:44px!important}.v-application--is-rtl .ms-lg-11{margin-right:44px!important}.v-application--is-ltr .ms-lg-12{margin-left:48px!important}.v-application--is-rtl .ms-lg-12{margin-right:48px!important}.v-application--is-ltr .ms-lg-13{margin-left:52px!important}.v-application--is-rtl .ms-lg-13{margin-right:52px!important}.v-application--is-ltr .ms-lg-14{margin-left:56px!important}.v-application--is-rtl .ms-lg-14{margin-right:56px!important}.v-application--is-ltr .ms-lg-15{margin-left:60px!important}.v-application--is-rtl .ms-lg-15{margin-right:60px!important}.v-application--is-ltr .ms-lg-16{margin-left:64px!important}.v-application--is-rtl .ms-lg-16{margin-right:64px!important}.v-application--is-ltr .ms-lg-auto{margin-left:auto!important}.v-application--is-rtl .ms-lg-auto{margin-right:auto!important}.v-application--is-ltr .me-lg-0{margin-right:0!important}.v-application--is-rtl .me-lg-0{margin-left:0!important}.v-application--is-ltr .me-lg-1{margin-right:4px!important}.v-application--is-rtl .me-lg-1{margin-left:4px!important}.v-application--is-ltr .me-lg-2{margin-right:8px!important}.v-application--is-rtl .me-lg-2{margin-left:8px!important}.v-application--is-ltr .me-lg-3{margin-right:12px!important}.v-application--is-rtl .me-lg-3{margin-left:12px!important}.v-application--is-ltr .me-lg-4{margin-right:16px!important}.v-application--is-rtl .me-lg-4{margin-left:16px!important}.v-application--is-ltr .me-lg-5{margin-right:20px!important}.v-application--is-rtl .me-lg-5{margin-left:20px!important}.v-application--is-ltr .me-lg-6{margin-right:24px!important}.v-application--is-rtl .me-lg-6{margin-left:24px!important}.v-application--is-ltr .me-lg-7{margin-right:28px!important}.v-application--is-rtl .me-lg-7{margin-left:28px!important}.v-application--is-ltr .me-lg-8{margin-right:32px!important}.v-application--is-rtl .me-lg-8{margin-left:32px!important}.v-application--is-ltr .me-lg-9{margin-right:36px!important}.v-application--is-rtl .me-lg-9{margin-left:36px!important}.v-application--is-ltr .me-lg-10{margin-right:40px!important}.v-application--is-rtl .me-lg-10{margin-left:40px!important}.v-application--is-ltr .me-lg-11{margin-right:44px!important}.v-application--is-rtl .me-lg-11{margin-left:44px!important}.v-application--is-ltr .me-lg-12{margin-right:48px!important}.v-application--is-rtl .me-lg-12{margin-left:48px!important}.v-application--is-ltr .me-lg-13{margin-right:52px!important}.v-application--is-rtl .me-lg-13{margin-left:52px!important}.v-application--is-ltr .me-lg-14{margin-right:56px!important}.v-application--is-rtl .me-lg-14{margin-left:56px!important}.v-application--is-ltr .me-lg-15{margin-right:60px!important}.v-application--is-rtl .me-lg-15{margin-left:60px!important}.v-application--is-ltr .me-lg-16{margin-right:64px!important}.v-application--is-rtl .me-lg-16{margin-left:64px!important}.v-application--is-ltr .me-lg-auto{margin-right:auto!important}.v-application--is-rtl .me-lg-auto{margin-left:auto!important}.v-application .ma-lg-n1{margin:-4px!important}.v-application .ma-lg-n2{margin:-8px!important}.v-application .ma-lg-n3{margin:-12px!important}.v-application .ma-lg-n4{margin:-16px!important}.v-application .ma-lg-n5{margin:-20px!important}.v-application .ma-lg-n6{margin:-24px!important}.v-application .ma-lg-n7{margin:-28px!important}.v-application .ma-lg-n8{margin:-32px!important}.v-application .ma-lg-n9{margin:-36px!important}.v-application .ma-lg-n10{margin:-40px!important}.v-application .ma-lg-n11{margin:-44px!important}.v-application .ma-lg-n12{margin:-48px!important}.v-application .ma-lg-n13{margin:-52px!important}.v-application .ma-lg-n14{margin:-56px!important}.v-application .ma-lg-n15{margin:-60px!important}.v-application .ma-lg-n16{margin:-64px!important}.v-application .mx-lg-n1{margin-left:-4px!important;margin-right:-4px!important}.v-application .mx-lg-n2{margin-left:-8px!important;margin-right:-8px!important}.v-application .mx-lg-n3{margin-left:-12px!important;margin-right:-12px!important}.v-application .mx-lg-n4{margin-left:-16px!important;margin-right:-16px!important}.v-application .mx-lg-n5{margin-left:-20px!important;margin-right:-20px!important}.v-application .mx-lg-n6{margin-left:-24px!important;margin-right:-24px!important}.v-application .mx-lg-n7{margin-left:-28px!important;margin-right:-28px!important}.v-application .mx-lg-n8{margin-left:-32px!important;margin-right:-32px!important}.v-application .mx-lg-n9{margin-left:-36px!important;margin-right:-36px!important}.v-application .mx-lg-n10{margin-left:-40px!important;margin-right:-40px!important}.v-application .mx-lg-n11{margin-left:-44px!important;margin-right:-44px!important}.v-application .mx-lg-n12{margin-left:-48px!important;margin-right:-48px!important}.v-application .mx-lg-n13{margin-left:-52px!important;margin-right:-52px!important}.v-application .mx-lg-n14{margin-left:-56px!important;margin-right:-56px!important}.v-application .mx-lg-n15{margin-left:-60px!important;margin-right:-60px!important}.v-application .mx-lg-n16{margin-left:-64px!important;margin-right:-64px!important}.v-application .my-lg-n1{margin-bottom:-4px!important;margin-top:-4px!important}.v-application .my-lg-n2{margin-bottom:-8px!important;margin-top:-8px!important}.v-application .my-lg-n3{margin-bottom:-12px!important;margin-top:-12px!important}.v-application .my-lg-n4{margin-bottom:-16px!important;margin-top:-16px!important}.v-application .my-lg-n5{margin-bottom:-20px!important;margin-top:-20px!important}.v-application .my-lg-n6{margin-bottom:-24px!important;margin-top:-24px!important}.v-application .my-lg-n7{margin-bottom:-28px!important;margin-top:-28px!important}.v-application .my-lg-n8{margin-bottom:-32px!important;margin-top:-32px!important}.v-application .my-lg-n9{margin-bottom:-36px!important;margin-top:-36px!important}.v-application .my-lg-n10{margin-bottom:-40px!important;margin-top:-40px!important}.v-application .my-lg-n11{margin-bottom:-44px!important;margin-top:-44px!important}.v-application .my-lg-n12{margin-bottom:-48px!important;margin-top:-48px!important}.v-application .my-lg-n13{margin-bottom:-52px!important;margin-top:-52px!important}.v-application .my-lg-n14{margin-bottom:-56px!important;margin-top:-56px!important}.v-application .my-lg-n15{margin-bottom:-60px!important;margin-top:-60px!important}.v-application .my-lg-n16{margin-bottom:-64px!important;margin-top:-64px!important}.v-application .mt-lg-n1{margin-top:-4px!important}.v-application .mt-lg-n2{margin-top:-8px!important}.v-application .mt-lg-n3{margin-top:-12px!important}.v-application .mt-lg-n4{margin-top:-16px!important}.v-application .mt-lg-n5{margin-top:-20px!important}.v-application .mt-lg-n6{margin-top:-24px!important}.v-application .mt-lg-n7{margin-top:-28px!important}.v-application .mt-lg-n8{margin-top:-32px!important}.v-application .mt-lg-n9{margin-top:-36px!important}.v-application .mt-lg-n10{margin-top:-40px!important}.v-application .mt-lg-n11{margin-top:-44px!important}.v-application .mt-lg-n12{margin-top:-48px!important}.v-application .mt-lg-n13{margin-top:-52px!important}.v-application .mt-lg-n14{margin-top:-56px!important}.v-application .mt-lg-n15{margin-top:-60px!important}.v-application .mt-lg-n16{margin-top:-64px!important}.v-application .mr-lg-n1{margin-right:-4px!important}.v-application .mr-lg-n2{margin-right:-8px!important}.v-application .mr-lg-n3{margin-right:-12px!important}.v-application .mr-lg-n4{margin-right:-16px!important}.v-application .mr-lg-n5{margin-right:-20px!important}.v-application .mr-lg-n6{margin-right:-24px!important}.v-application .mr-lg-n7{margin-right:-28px!important}.v-application .mr-lg-n8{margin-right:-32px!important}.v-application .mr-lg-n9{margin-right:-36px!important}.v-application .mr-lg-n10{margin-right:-40px!important}.v-application .mr-lg-n11{margin-right:-44px!important}.v-application .mr-lg-n12{margin-right:-48px!important}.v-application .mr-lg-n13{margin-right:-52px!important}.v-application .mr-lg-n14{margin-right:-56px!important}.v-application .mr-lg-n15{margin-right:-60px!important}.v-application .mr-lg-n16{margin-right:-64px!important}.v-application .mb-lg-n1{margin-bottom:-4px!important}.v-application .mb-lg-n2{margin-bottom:-8px!important}.v-application .mb-lg-n3{margin-bottom:-12px!important}.v-application .mb-lg-n4{margin-bottom:-16px!important}.v-application .mb-lg-n5{margin-bottom:-20px!important}.v-application .mb-lg-n6{margin-bottom:-24px!important}.v-application .mb-lg-n7{margin-bottom:-28px!important}.v-application .mb-lg-n8{margin-bottom:-32px!important}.v-application .mb-lg-n9{margin-bottom:-36px!important}.v-application .mb-lg-n10{margin-bottom:-40px!important}.v-application .mb-lg-n11{margin-bottom:-44px!important}.v-application .mb-lg-n12{margin-bottom:-48px!important}.v-application .mb-lg-n13{margin-bottom:-52px!important}.v-application .mb-lg-n14{margin-bottom:-56px!important}.v-application .mb-lg-n15{margin-bottom:-60px!important}.v-application .mb-lg-n16{margin-bottom:-64px!important}.v-application .ml-lg-n1{margin-left:-4px!important}.v-application .ml-lg-n2{margin-left:-8px!important}.v-application .ml-lg-n3{margin-left:-12px!important}.v-application .ml-lg-n4{margin-left:-16px!important}.v-application .ml-lg-n5{margin-left:-20px!important}.v-application .ml-lg-n6{margin-left:-24px!important}.v-application .ml-lg-n7{margin-left:-28px!important}.v-application .ml-lg-n8{margin-left:-32px!important}.v-application .ml-lg-n9{margin-left:-36px!important}.v-application .ml-lg-n10{margin-left:-40px!important}.v-application .ml-lg-n11{margin-left:-44px!important}.v-application .ml-lg-n12{margin-left:-48px!important}.v-application .ml-lg-n13{margin-left:-52px!important}.v-application .ml-lg-n14{margin-left:-56px!important}.v-application .ml-lg-n15{margin-left:-60px!important}.v-application .ml-lg-n16{margin-left:-64px!important}.v-application--is-ltr .ms-lg-n1{margin-left:-4px!important}.v-application--is-rtl .ms-lg-n1{margin-right:-4px!important}.v-application--is-ltr .ms-lg-n2{margin-left:-8px!important}.v-application--is-rtl .ms-lg-n2{margin-right:-8px!important}.v-application--is-ltr .ms-lg-n3{margin-left:-12px!important}.v-application--is-rtl .ms-lg-n3{margin-right:-12px!important}.v-application--is-ltr .ms-lg-n4{margin-left:-16px!important}.v-application--is-rtl .ms-lg-n4{margin-right:-16px!important}.v-application--is-ltr .ms-lg-n5{margin-left:-20px!important}.v-application--is-rtl .ms-lg-n5{margin-right:-20px!important}.v-application--is-ltr .ms-lg-n6{margin-left:-24px!important}.v-application--is-rtl .ms-lg-n6{margin-right:-24px!important}.v-application--is-ltr .ms-lg-n7{margin-left:-28px!important}.v-application--is-rtl .ms-lg-n7{margin-right:-28px!important}.v-application--is-ltr .ms-lg-n8{margin-left:-32px!important}.v-application--is-rtl .ms-lg-n8{margin-right:-32px!important}.v-application--is-ltr .ms-lg-n9{margin-left:-36px!important}.v-application--is-rtl .ms-lg-n9{margin-right:-36px!important}.v-application--is-ltr .ms-lg-n10{margin-left:-40px!important}.v-application--is-rtl .ms-lg-n10{margin-right:-40px!important}.v-application--is-ltr .ms-lg-n11{margin-left:-44px!important}.v-application--is-rtl .ms-lg-n11{margin-right:-44px!important}.v-application--is-ltr .ms-lg-n12{margin-left:-48px!important}.v-application--is-rtl .ms-lg-n12{margin-right:-48px!important}.v-application--is-ltr .ms-lg-n13{margin-left:-52px!important}.v-application--is-rtl .ms-lg-n13{margin-right:-52px!important}.v-application--is-ltr .ms-lg-n14{margin-left:-56px!important}.v-application--is-rtl .ms-lg-n14{margin-right:-56px!important}.v-application--is-ltr .ms-lg-n15{margin-left:-60px!important}.v-application--is-rtl .ms-lg-n15{margin-right:-60px!important}.v-application--is-ltr .ms-lg-n16{margin-left:-64px!important}.v-application--is-rtl .ms-lg-n16{margin-right:-64px!important}.v-application--is-ltr .me-lg-n1{margin-right:-4px!important}.v-application--is-rtl .me-lg-n1{margin-left:-4px!important}.v-application--is-ltr .me-lg-n2{margin-right:-8px!important}.v-application--is-rtl .me-lg-n2{margin-left:-8px!important}.v-application--is-ltr .me-lg-n3{margin-right:-12px!important}.v-application--is-rtl .me-lg-n3{margin-left:-12px!important}.v-application--is-ltr .me-lg-n4{margin-right:-16px!important}.v-application--is-rtl .me-lg-n4{margin-left:-16px!important}.v-application--is-ltr .me-lg-n5{margin-right:-20px!important}.v-application--is-rtl .me-lg-n5{margin-left:-20px!important}.v-application--is-ltr .me-lg-n6{margin-right:-24px!important}.v-application--is-rtl .me-lg-n6{margin-left:-24px!important}.v-application--is-ltr .me-lg-n7{margin-right:-28px!important}.v-application--is-rtl .me-lg-n7{margin-left:-28px!important}.v-application--is-ltr .me-lg-n8{margin-right:-32px!important}.v-application--is-rtl .me-lg-n8{margin-left:-32px!important}.v-application--is-ltr .me-lg-n9{margin-right:-36px!important}.v-application--is-rtl .me-lg-n9{margin-left:-36px!important}.v-application--is-ltr .me-lg-n10{margin-right:-40px!important}.v-application--is-rtl .me-lg-n10{margin-left:-40px!important}.v-application--is-ltr .me-lg-n11{margin-right:-44px!important}.v-application--is-rtl .me-lg-n11{margin-left:-44px!important}.v-application--is-ltr .me-lg-n12{margin-right:-48px!important}.v-application--is-rtl .me-lg-n12{margin-left:-48px!important}.v-application--is-ltr .me-lg-n13{margin-right:-52px!important}.v-application--is-rtl .me-lg-n13{margin-left:-52px!important}.v-application--is-ltr .me-lg-n14{margin-right:-56px!important}.v-application--is-rtl .me-lg-n14{margin-left:-56px!important}.v-application--is-ltr .me-lg-n15{margin-right:-60px!important}.v-application--is-rtl .me-lg-n15{margin-left:-60px!important}.v-application--is-ltr .me-lg-n16{margin-right:-64px!important}.v-application--is-rtl .me-lg-n16{margin-left:-64px!important}.v-application .pa-lg-0{padding:0!important}.v-application .pa-lg-1{padding:4px!important}.v-application .pa-lg-2{padding:8px!important}.v-application .pa-lg-3{padding:12px!important}.v-application .pa-lg-4{padding:16px!important}.v-application .pa-lg-5{padding:20px!important}.v-application .pa-lg-6{padding:24px!important}.v-application .pa-lg-7{padding:28px!important}.v-application .pa-lg-8{padding:32px!important}.v-application .pa-lg-9{padding:36px!important}.v-application .pa-lg-10{padding:40px!important}.v-application .pa-lg-11{padding:44px!important}.v-application .pa-lg-12{padding:48px!important}.v-application .pa-lg-13{padding:52px!important}.v-application .pa-lg-14{padding:56px!important}.v-application .pa-lg-15{padding:60px!important}.v-application .pa-lg-16{padding:64px!important}.v-application .px-lg-0{padding-left:0!important;padding-right:0!important}.v-application .px-lg-1{padding-left:4px!important;padding-right:4px!important}.v-application .px-lg-2{padding-left:8px!important;padding-right:8px!important}.v-application .px-lg-3{padding-left:12px!important;padding-right:12px!important}.v-application .px-lg-4{padding-left:16px!important;padding-right:16px!important}.v-application .px-lg-5{padding-left:20px!important;padding-right:20px!important}.v-application .px-lg-6{padding-left:24px!important;padding-right:24px!important}.v-application .px-lg-7{padding-left:28px!important;padding-right:28px!important}.v-application .px-lg-8{padding-left:32px!important;padding-right:32px!important}.v-application .px-lg-9{padding-left:36px!important;padding-right:36px!important}.v-application .px-lg-10{padding-left:40px!important;padding-right:40px!important}.v-application .px-lg-11{padding-left:44px!important;padding-right:44px!important}.v-application .px-lg-12{padding-left:48px!important;padding-right:48px!important}.v-application .px-lg-13{padding-left:52px!important;padding-right:52px!important}.v-application .px-lg-14{padding-left:56px!important;padding-right:56px!important}.v-application .px-lg-15{padding-left:60px!important;padding-right:60px!important}.v-application .px-lg-16{padding-left:64px!important;padding-right:64px!important}.v-application .py-lg-0{padding-bottom:0!important;padding-top:0!important}.v-application .py-lg-1{padding-bottom:4px!important;padding-top:4px!important}.v-application .py-lg-2{padding-bottom:8px!important;padding-top:8px!important}.v-application .py-lg-3{padding-bottom:12px!important;padding-top:12px!important}.v-application .py-lg-4{padding-bottom:16px!important;padding-top:16px!important}.v-application .py-lg-5{padding-bottom:20px!important;padding-top:20px!important}.v-application .py-lg-6{padding-bottom:24px!important;padding-top:24px!important}.v-application .py-lg-7{padding-bottom:28px!important;padding-top:28px!important}.v-application .py-lg-8{padding-bottom:32px!important;padding-top:32px!important}.v-application .py-lg-9{padding-bottom:36px!important;padding-top:36px!important}.v-application .py-lg-10{padding-bottom:40px!important;padding-top:40px!important}.v-application .py-lg-11{padding-bottom:44px!important;padding-top:44px!important}.v-application .py-lg-12{padding-bottom:48px!important;padding-top:48px!important}.v-application .py-lg-13{padding-bottom:52px!important;padding-top:52px!important}.v-application .py-lg-14{padding-bottom:56px!important;padding-top:56px!important}.v-application .py-lg-15{padding-bottom:60px!important;padding-top:60px!important}.v-application .py-lg-16{padding-bottom:64px!important;padding-top:64px!important}.v-application .pt-lg-0{padding-top:0!important}.v-application .pt-lg-1{padding-top:4px!important}.v-application .pt-lg-2{padding-top:8px!important}.v-application .pt-lg-3{padding-top:12px!important}.v-application .pt-lg-4{padding-top:16px!important}.v-application .pt-lg-5{padding-top:20px!important}.v-application .pt-lg-6{padding-top:24px!important}.v-application .pt-lg-7{padding-top:28px!important}.v-application .pt-lg-8{padding-top:32px!important}.v-application .pt-lg-9{padding-top:36px!important}.v-application .pt-lg-10{padding-top:40px!important}.v-application .pt-lg-11{padding-top:44px!important}.v-application .pt-lg-12{padding-top:48px!important}.v-application .pt-lg-13{padding-top:52px!important}.v-application .pt-lg-14{padding-top:56px!important}.v-application .pt-lg-15{padding-top:60px!important}.v-application .pt-lg-16{padding-top:64px!important}.v-application .pr-lg-0{padding-right:0!important}.v-application .pr-lg-1{padding-right:4px!important}.v-application .pr-lg-2{padding-right:8px!important}.v-application .pr-lg-3{padding-right:12px!important}.v-application .pr-lg-4{padding-right:16px!important}.v-application .pr-lg-5{padding-right:20px!important}.v-application .pr-lg-6{padding-right:24px!important}.v-application .pr-lg-7{padding-right:28px!important}.v-application .pr-lg-8{padding-right:32px!important}.v-application .pr-lg-9{padding-right:36px!important}.v-application .pr-lg-10{padding-right:40px!important}.v-application .pr-lg-11{padding-right:44px!important}.v-application .pr-lg-12{padding-right:48px!important}.v-application .pr-lg-13{padding-right:52px!important}.v-application .pr-lg-14{padding-right:56px!important}.v-application .pr-lg-15{padding-right:60px!important}.v-application .pr-lg-16{padding-right:64px!important}.v-application .pb-lg-0{padding-bottom:0!important}.v-application .pb-lg-1{padding-bottom:4px!important}.v-application .pb-lg-2{padding-bottom:8px!important}.v-application .pb-lg-3{padding-bottom:12px!important}.v-application .pb-lg-4{padding-bottom:16px!important}.v-application .pb-lg-5{padding-bottom:20px!important}.v-application .pb-lg-6{padding-bottom:24px!important}.v-application .pb-lg-7{padding-bottom:28px!important}.v-application .pb-lg-8{padding-bottom:32px!important}.v-application .pb-lg-9{padding-bottom:36px!important}.v-application .pb-lg-10{padding-bottom:40px!important}.v-application .pb-lg-11{padding-bottom:44px!important}.v-application .pb-lg-12{padding-bottom:48px!important}.v-application .pb-lg-13{padding-bottom:52px!important}.v-application .pb-lg-14{padding-bottom:56px!important}.v-application .pb-lg-15{padding-bottom:60px!important}.v-application .pb-lg-16{padding-bottom:64px!important}.v-application .pl-lg-0{padding-left:0!important}.v-application .pl-lg-1{padding-left:4px!important}.v-application .pl-lg-2{padding-left:8px!important}.v-application .pl-lg-3{padding-left:12px!important}.v-application .pl-lg-4{padding-left:16px!important}.v-application .pl-lg-5{padding-left:20px!important}.v-application .pl-lg-6{padding-left:24px!important}.v-application .pl-lg-7{padding-left:28px!important}.v-application .pl-lg-8{padding-left:32px!important}.v-application .pl-lg-9{padding-left:36px!important}.v-application .pl-lg-10{padding-left:40px!important}.v-application .pl-lg-11{padding-left:44px!important}.v-application .pl-lg-12{padding-left:48px!important}.v-application .pl-lg-13{padding-left:52px!important}.v-application .pl-lg-14{padding-left:56px!important}.v-application .pl-lg-15{padding-left:60px!important}.v-application .pl-lg-16{padding-left:64px!important}.v-application--is-ltr .ps-lg-0{padding-left:0!important}.v-application--is-rtl .ps-lg-0{padding-right:0!important}.v-application--is-ltr .ps-lg-1{padding-left:4px!important}.v-application--is-rtl .ps-lg-1{padding-right:4px!important}.v-application--is-ltr .ps-lg-2{padding-left:8px!important}.v-application--is-rtl .ps-lg-2{padding-right:8px!important}.v-application--is-ltr .ps-lg-3{padding-left:12px!important}.v-application--is-rtl .ps-lg-3{padding-right:12px!important}.v-application--is-ltr .ps-lg-4{padding-left:16px!important}.v-application--is-rtl .ps-lg-4{padding-right:16px!important}.v-application--is-ltr .ps-lg-5{padding-left:20px!important}.v-application--is-rtl .ps-lg-5{padding-right:20px!important}.v-application--is-ltr .ps-lg-6{padding-left:24px!important}.v-application--is-rtl .ps-lg-6{padding-right:24px!important}.v-application--is-ltr .ps-lg-7{padding-left:28px!important}.v-application--is-rtl .ps-lg-7{padding-right:28px!important}.v-application--is-ltr .ps-lg-8{padding-left:32px!important}.v-application--is-rtl .ps-lg-8{padding-right:32px!important}.v-application--is-ltr .ps-lg-9{padding-left:36px!important}.v-application--is-rtl .ps-lg-9{padding-right:36px!important}.v-application--is-ltr .ps-lg-10{padding-left:40px!important}.v-application--is-rtl .ps-lg-10{padding-right:40px!important}.v-application--is-ltr .ps-lg-11{padding-left:44px!important}.v-application--is-rtl .ps-lg-11{padding-right:44px!important}.v-application--is-ltr .ps-lg-12{padding-left:48px!important}.v-application--is-rtl .ps-lg-12{padding-right:48px!important}.v-application--is-ltr .ps-lg-13{padding-left:52px!important}.v-application--is-rtl .ps-lg-13{padding-right:52px!important}.v-application--is-ltr .ps-lg-14{padding-left:56px!important}.v-application--is-rtl .ps-lg-14{padding-right:56px!important}.v-application--is-ltr .ps-lg-15{padding-left:60px!important}.v-application--is-rtl .ps-lg-15{padding-right:60px!important}.v-application--is-ltr .ps-lg-16{padding-left:64px!important}.v-application--is-rtl .ps-lg-16{padding-right:64px!important}.v-application--is-ltr .pe-lg-0{padding-right:0!important}.v-application--is-rtl .pe-lg-0{padding-left:0!important}.v-application--is-ltr .pe-lg-1{padding-right:4px!important}.v-application--is-rtl .pe-lg-1{padding-left:4px!important}.v-application--is-ltr .pe-lg-2{padding-right:8px!important}.v-application--is-rtl .pe-lg-2{padding-left:8px!important}.v-application--is-ltr .pe-lg-3{padding-right:12px!important}.v-application--is-rtl .pe-lg-3{padding-left:12px!important}.v-application--is-ltr .pe-lg-4{padding-right:16px!important}.v-application--is-rtl .pe-lg-4{padding-left:16px!important}.v-application--is-ltr .pe-lg-5{padding-right:20px!important}.v-application--is-rtl .pe-lg-5{padding-left:20px!important}.v-application--is-ltr .pe-lg-6{padding-right:24px!important}.v-application--is-rtl .pe-lg-6{padding-left:24px!important}.v-application--is-ltr .pe-lg-7{padding-right:28px!important}.v-application--is-rtl .pe-lg-7{padding-left:28px!important}.v-application--is-ltr .pe-lg-8{padding-right:32px!important}.v-application--is-rtl .pe-lg-8{padding-left:32px!important}.v-application--is-ltr .pe-lg-9{padding-right:36px!important}.v-application--is-rtl .pe-lg-9{padding-left:36px!important}.v-application--is-ltr .pe-lg-10{padding-right:40px!important}.v-application--is-rtl .pe-lg-10{padding-left:40px!important}.v-application--is-ltr .pe-lg-11{padding-right:44px!important}.v-application--is-rtl .pe-lg-11{padding-left:44px!important}.v-application--is-ltr .pe-lg-12{padding-right:48px!important}.v-application--is-rtl .pe-lg-12{padding-left:48px!important}.v-application--is-ltr .pe-lg-13{padding-right:52px!important}.v-application--is-rtl .pe-lg-13{padding-left:52px!important}.v-application--is-ltr .pe-lg-14{padding-right:56px!important}.v-application--is-rtl .pe-lg-14{padding-left:56px!important}.v-application--is-ltr .pe-lg-15{padding-right:60px!important}.v-application--is-rtl .pe-lg-15{padding-left:60px!important}.v-application--is-ltr .pe-lg-16{padding-right:64px!important}.v-application--is-rtl .pe-lg-16{padding-left:64px!important}.v-application .text-lg-left{text-align:left!important}.v-application .text-lg-right{text-align:right!important}.v-application .text-lg-center{text-align:center!important}.v-application .text-lg-justify{text-align:justify!important}.v-application .text-lg-start{text-align:left!important}.v-application .text-lg-end{text-align:right!important}.v-application .text-lg-h1{font-size:6rem!important;letter-spacing:-.015625em!important;line-height:6rem}.v-application .text-lg-h1,.v-application .text-lg-h2{font-family:Nunito,sans-serif!important;font-weight:300}.v-application .text-lg-h2{font-size:3.75rem!important;letter-spacing:-.0083333333em!important;line-height:3.75rem}.v-application .text-lg-h3{font-size:3rem!important;letter-spacing:normal!important;line-height:3.125rem}.v-application .text-lg-h3,.v-application .text-lg-h4{font-family:Nunito,sans-serif!important;font-weight:400}.v-application .text-lg-h4{font-size:2.125rem!important;letter-spacing:.0073529412em!important;line-height:2.5rem}.v-application .text-lg-h5{font-size:1.5rem!important;font-weight:400;letter-spacing:normal!important}.v-application .text-lg-h5,.v-application .text-lg-h6{font-family:Nunito,sans-serif!important;line-height:2rem}.v-application .text-lg-h6{font-size:1.25rem!important;font-weight:500;letter-spacing:.0125em!important}.v-application .text-lg-subtitle-1{font-family:Nunito,sans-serif!important;font-size:1rem!important;font-weight:400;letter-spacing:.009375em!important;line-height:1.75rem}.v-application .text-lg-subtitle-2{font-family:Nunito,sans-serif!important;font-size:.875rem!important;font-weight:500;letter-spacing:.0071428571em!important;line-height:1.375rem}.v-application .text-lg-body-1{font-family:Nunito,sans-serif!important;font-size:1rem!important;font-weight:400;letter-spacing:.03125em!important;line-height:1.5rem}.v-application .text-lg-body-2{font-weight:400;letter-spacing:.0178571429em!important;line-height:1.25rem}.v-application .text-lg-body-2,.v-application .text-lg-button{font-family:Nunito,sans-serif!important;font-size:.875rem!important}.v-application .text-lg-button{font-weight:500;letter-spacing:.0892857143em!important;line-height:2.25rem;text-transform:uppercase!important}.v-application .text-lg-caption{font-weight:400;letter-spacing:.0333333333em!important;line-height:1.25rem}.v-application .text-lg-caption,.v-application .text-lg-overline{font-family:Nunito,sans-serif!important;font-size:.75rem!important}.v-application .text-lg-overline{font-weight:500;letter-spacing:.1666666667em!important;line-height:2rem;text-transform:uppercase!important}}@media(min-width:1920px){.v-application .d-xl-none{display:none!important}.v-application .d-xl-inline{display:inline!important}.v-application .d-xl-inline-block{display:inline-block!important}.v-application .d-xl-block{display:block!important}.v-application .d-xl-table{display:table!important}.v-application .d-xl-table-row{display:table-row!important}.v-application .d-xl-table-cell{display:table-cell!important}.v-application .d-xl-flex{display:flex!important}.v-application .d-xl-inline-flex{display:inline-flex!important}.v-application .float-xl-none{float:none!important}.v-application .float-xl-left{float:left!important}.v-application .float-xl-right{float:right!important}.v-application--is-rtl .float-xl-end{float:left!important}.v-application--is-ltr .float-xl-end,.v-application--is-rtl .float-xl-start{float:right!important}.v-application--is-ltr .float-xl-start{float:left!important}.v-application .flex-xl-fill{flex:1 1 auto!important}.v-application .flex-xl-row{flex-direction:row!important}.v-application .flex-xl-column{flex-direction:column!important}.v-application .flex-xl-row-reverse{flex-direction:row-reverse!important}.v-application .flex-xl-column-reverse{flex-direction:column-reverse!important}.v-application .flex-xl-grow-0{flex-grow:0!important}.v-application .flex-xl-grow-1{flex-grow:1!important}.v-application .flex-xl-shrink-0{flex-shrink:0!important}.v-application .flex-xl-shrink-1{flex-shrink:1!important}.v-application .flex-xl-wrap{flex-wrap:wrap!important}.v-application .flex-xl-nowrap{flex-wrap:nowrap!important}.v-application .flex-xl-wrap-reverse{flex-wrap:wrap-reverse!important}.v-application .justify-xl-start{justify-content:flex-start!important}.v-application .justify-xl-end{justify-content:flex-end!important}.v-application .justify-xl-center{justify-content:center!important}.v-application .justify-xl-space-between{justify-content:space-between!important}.v-application .justify-xl-space-around{justify-content:space-around!important}.v-application .align-xl-start{align-items:flex-start!important}.v-application .align-xl-end{align-items:flex-end!important}.v-application .align-xl-center{align-items:center!important}.v-application .align-xl-baseline{align-items:baseline!important}.v-application .align-xl-stretch{align-items:stretch!important}.v-application .align-content-xl-start{align-content:flex-start!important}.v-application .align-content-xl-end{align-content:flex-end!important}.v-application .align-content-xl-center{align-content:center!important}.v-application .align-content-xl-space-between{align-content:space-between!important}.v-application .align-content-xl-space-around{align-content:space-around!important}.v-application .align-content-xl-stretch{align-content:stretch!important}.v-application .align-self-xl-auto{align-self:auto!important}.v-application .align-self-xl-start{align-self:flex-start!important}.v-application .align-self-xl-end{align-self:flex-end!important}.v-application .align-self-xl-center{align-self:center!important}.v-application .align-self-xl-baseline{align-self:baseline!important}.v-application .align-self-xl-stretch{align-self:stretch!important}.v-application .order-xl-first{order:-1!important}.v-application .order-xl-0{order:0!important}.v-application .order-xl-1{order:1!important}.v-application .order-xl-2{order:2!important}.v-application .order-xl-3{order:3!important}.v-application .order-xl-4{order:4!important}.v-application .order-xl-5{order:5!important}.v-application .order-xl-6{order:6!important}.v-application .order-xl-7{order:7!important}.v-application .order-xl-8{order:8!important}.v-application .order-xl-9{order:9!important}.v-application .order-xl-10{order:10!important}.v-application .order-xl-11{order:11!important}.v-application .order-xl-12{order:12!important}.v-application .order-xl-last{order:13!important}.v-application .ma-xl-0{margin:0!important}.v-application .ma-xl-1{margin:4px!important}.v-application .ma-xl-2{margin:8px!important}.v-application .ma-xl-3{margin:12px!important}.v-application .ma-xl-4{margin:16px!important}.v-application .ma-xl-5{margin:20px!important}.v-application .ma-xl-6{margin:24px!important}.v-application .ma-xl-7{margin:28px!important}.v-application .ma-xl-8{margin:32px!important}.v-application .ma-xl-9{margin:36px!important}.v-application .ma-xl-10{margin:40px!important}.v-application .ma-xl-11{margin:44px!important}.v-application .ma-xl-12{margin:48px!important}.v-application .ma-xl-13{margin:52px!important}.v-application .ma-xl-14{margin:56px!important}.v-application .ma-xl-15{margin:60px!important}.v-application .ma-xl-16{margin:64px!important}.v-application .ma-xl-auto{margin:auto!important}.v-application .mx-xl-0{margin-left:0!important;margin-right:0!important}.v-application .mx-xl-1{margin-left:4px!important;margin-right:4px!important}.v-application .mx-xl-2{margin-left:8px!important;margin-right:8px!important}.v-application .mx-xl-3{margin-left:12px!important;margin-right:12px!important}.v-application .mx-xl-4{margin-left:16px!important;margin-right:16px!important}.v-application .mx-xl-5{margin-left:20px!important;margin-right:20px!important}.v-application .mx-xl-6{margin-left:24px!important;margin-right:24px!important}.v-application .mx-xl-7{margin-left:28px!important;margin-right:28px!important}.v-application .mx-xl-8{margin-left:32px!important;margin-right:32px!important}.v-application .mx-xl-9{margin-left:36px!important;margin-right:36px!important}.v-application .mx-xl-10{margin-left:40px!important;margin-right:40px!important}.v-application .mx-xl-11{margin-left:44px!important;margin-right:44px!important}.v-application .mx-xl-12{margin-left:48px!important;margin-right:48px!important}.v-application .mx-xl-13{margin-left:52px!important;margin-right:52px!important}.v-application .mx-xl-14{margin-left:56px!important;margin-right:56px!important}.v-application .mx-xl-15{margin-left:60px!important;margin-right:60px!important}.v-application .mx-xl-16{margin-left:64px!important;margin-right:64px!important}.v-application .mx-xl-auto{margin-left:auto!important;margin-right:auto!important}.v-application .my-xl-0{margin-bottom:0!important;margin-top:0!important}.v-application .my-xl-1{margin-bottom:4px!important;margin-top:4px!important}.v-application .my-xl-2{margin-bottom:8px!important;margin-top:8px!important}.v-application .my-xl-3{margin-bottom:12px!important;margin-top:12px!important}.v-application .my-xl-4{margin-bottom:16px!important;margin-top:16px!important}.v-application .my-xl-5{margin-bottom:20px!important;margin-top:20px!important}.v-application .my-xl-6{margin-bottom:24px!important;margin-top:24px!important}.v-application .my-xl-7{margin-bottom:28px!important;margin-top:28px!important}.v-application .my-xl-8{margin-bottom:32px!important;margin-top:32px!important}.v-application .my-xl-9{margin-bottom:36px!important;margin-top:36px!important}.v-application .my-xl-10{margin-bottom:40px!important;margin-top:40px!important}.v-application .my-xl-11{margin-bottom:44px!important;margin-top:44px!important}.v-application .my-xl-12{margin-bottom:48px!important;margin-top:48px!important}.v-application .my-xl-13{margin-bottom:52px!important;margin-top:52px!important}.v-application .my-xl-14{margin-bottom:56px!important;margin-top:56px!important}.v-application .my-xl-15{margin-bottom:60px!important;margin-top:60px!important}.v-application .my-xl-16{margin-bottom:64px!important;margin-top:64px!important}.v-application .my-xl-auto{margin-bottom:auto!important;margin-top:auto!important}.v-application .mt-xl-0{margin-top:0!important}.v-application .mt-xl-1{margin-top:4px!important}.v-application .mt-xl-2{margin-top:8px!important}.v-application .mt-xl-3{margin-top:12px!important}.v-application .mt-xl-4{margin-top:16px!important}.v-application .mt-xl-5{margin-top:20px!important}.v-application .mt-xl-6{margin-top:24px!important}.v-application .mt-xl-7{margin-top:28px!important}.v-application .mt-xl-8{margin-top:32px!important}.v-application .mt-xl-9{margin-top:36px!important}.v-application .mt-xl-10{margin-top:40px!important}.v-application .mt-xl-11{margin-top:44px!important}.v-application .mt-xl-12{margin-top:48px!important}.v-application .mt-xl-13{margin-top:52px!important}.v-application .mt-xl-14{margin-top:56px!important}.v-application .mt-xl-15{margin-top:60px!important}.v-application .mt-xl-16{margin-top:64px!important}.v-application .mt-xl-auto{margin-top:auto!important}.v-application .mr-xl-0{margin-right:0!important}.v-application .mr-xl-1{margin-right:4px!important}.v-application .mr-xl-2{margin-right:8px!important}.v-application .mr-xl-3{margin-right:12px!important}.v-application .mr-xl-4{margin-right:16px!important}.v-application .mr-xl-5{margin-right:20px!important}.v-application .mr-xl-6{margin-right:24px!important}.v-application .mr-xl-7{margin-right:28px!important}.v-application .mr-xl-8{margin-right:32px!important}.v-application .mr-xl-9{margin-right:36px!important}.v-application .mr-xl-10{margin-right:40px!important}.v-application .mr-xl-11{margin-right:44px!important}.v-application .mr-xl-12{margin-right:48px!important}.v-application .mr-xl-13{margin-right:52px!important}.v-application .mr-xl-14{margin-right:56px!important}.v-application .mr-xl-15{margin-right:60px!important}.v-application .mr-xl-16{margin-right:64px!important}.v-application .mr-xl-auto{margin-right:auto!important}.v-application .mb-xl-0{margin-bottom:0!important}.v-application .mb-xl-1{margin-bottom:4px!important}.v-application .mb-xl-2{margin-bottom:8px!important}.v-application .mb-xl-3{margin-bottom:12px!important}.v-application .mb-xl-4{margin-bottom:16px!important}.v-application .mb-xl-5{margin-bottom:20px!important}.v-application .mb-xl-6{margin-bottom:24px!important}.v-application .mb-xl-7{margin-bottom:28px!important}.v-application .mb-xl-8{margin-bottom:32px!important}.v-application .mb-xl-9{margin-bottom:36px!important}.v-application .mb-xl-10{margin-bottom:40px!important}.v-application .mb-xl-11{margin-bottom:44px!important}.v-application .mb-xl-12{margin-bottom:48px!important}.v-application .mb-xl-13{margin-bottom:52px!important}.v-application .mb-xl-14{margin-bottom:56px!important}.v-application .mb-xl-15{margin-bottom:60px!important}.v-application .mb-xl-16{margin-bottom:64px!important}.v-application .mb-xl-auto{margin-bottom:auto!important}.v-application .ml-xl-0{margin-left:0!important}.v-application .ml-xl-1{margin-left:4px!important}.v-application .ml-xl-2{margin-left:8px!important}.v-application .ml-xl-3{margin-left:12px!important}.v-application .ml-xl-4{margin-left:16px!important}.v-application .ml-xl-5{margin-left:20px!important}.v-application .ml-xl-6{margin-left:24px!important}.v-application .ml-xl-7{margin-left:28px!important}.v-application .ml-xl-8{margin-left:32px!important}.v-application .ml-xl-9{margin-left:36px!important}.v-application .ml-xl-10{margin-left:40px!important}.v-application .ml-xl-11{margin-left:44px!important}.v-application .ml-xl-12{margin-left:48px!important}.v-application .ml-xl-13{margin-left:52px!important}.v-application .ml-xl-14{margin-left:56px!important}.v-application .ml-xl-15{margin-left:60px!important}.v-application .ml-xl-16{margin-left:64px!important}.v-application .ml-xl-auto{margin-left:auto!important}.v-application--is-ltr .ms-xl-0{margin-left:0!important}.v-application--is-rtl .ms-xl-0{margin-right:0!important}.v-application--is-ltr .ms-xl-1{margin-left:4px!important}.v-application--is-rtl .ms-xl-1{margin-right:4px!important}.v-application--is-ltr .ms-xl-2{margin-left:8px!important}.v-application--is-rtl .ms-xl-2{margin-right:8px!important}.v-application--is-ltr .ms-xl-3{margin-left:12px!important}.v-application--is-rtl .ms-xl-3{margin-right:12px!important}.v-application--is-ltr .ms-xl-4{margin-left:16px!important}.v-application--is-rtl .ms-xl-4{margin-right:16px!important}.v-application--is-ltr .ms-xl-5{margin-left:20px!important}.v-application--is-rtl .ms-xl-5{margin-right:20px!important}.v-application--is-ltr .ms-xl-6{margin-left:24px!important}.v-application--is-rtl .ms-xl-6{margin-right:24px!important}.v-application--is-ltr .ms-xl-7{margin-left:28px!important}.v-application--is-rtl .ms-xl-7{margin-right:28px!important}.v-application--is-ltr .ms-xl-8{margin-left:32px!important}.v-application--is-rtl .ms-xl-8{margin-right:32px!important}.v-application--is-ltr .ms-xl-9{margin-left:36px!important}.v-application--is-rtl .ms-xl-9{margin-right:36px!important}.v-application--is-ltr .ms-xl-10{margin-left:40px!important}.v-application--is-rtl .ms-xl-10{margin-right:40px!important}.v-application--is-ltr .ms-xl-11{margin-left:44px!important}.v-application--is-rtl .ms-xl-11{margin-right:44px!important}.v-application--is-ltr .ms-xl-12{margin-left:48px!important}.v-application--is-rtl .ms-xl-12{margin-right:48px!important}.v-application--is-ltr .ms-xl-13{margin-left:52px!important}.v-application--is-rtl .ms-xl-13{margin-right:52px!important}.v-application--is-ltr .ms-xl-14{margin-left:56px!important}.v-application--is-rtl .ms-xl-14{margin-right:56px!important}.v-application--is-ltr .ms-xl-15{margin-left:60px!important}.v-application--is-rtl .ms-xl-15{margin-right:60px!important}.v-application--is-ltr .ms-xl-16{margin-left:64px!important}.v-application--is-rtl .ms-xl-16{margin-right:64px!important}.v-application--is-ltr .ms-xl-auto{margin-left:auto!important}.v-application--is-rtl .ms-xl-auto{margin-right:auto!important}.v-application--is-ltr .me-xl-0{margin-right:0!important}.v-application--is-rtl .me-xl-0{margin-left:0!important}.v-application--is-ltr .me-xl-1{margin-right:4px!important}.v-application--is-rtl .me-xl-1{margin-left:4px!important}.v-application--is-ltr .me-xl-2{margin-right:8px!important}.v-application--is-rtl .me-xl-2{margin-left:8px!important}.v-application--is-ltr .me-xl-3{margin-right:12px!important}.v-application--is-rtl .me-xl-3{margin-left:12px!important}.v-application--is-ltr .me-xl-4{margin-right:16px!important}.v-application--is-rtl .me-xl-4{margin-left:16px!important}.v-application--is-ltr .me-xl-5{margin-right:20px!important}.v-application--is-rtl .me-xl-5{margin-left:20px!important}.v-application--is-ltr .me-xl-6{margin-right:24px!important}.v-application--is-rtl .me-xl-6{margin-left:24px!important}.v-application--is-ltr .me-xl-7{margin-right:28px!important}.v-application--is-rtl .me-xl-7{margin-left:28px!important}.v-application--is-ltr .me-xl-8{margin-right:32px!important}.v-application--is-rtl .me-xl-8{margin-left:32px!important}.v-application--is-ltr .me-xl-9{margin-right:36px!important}.v-application--is-rtl .me-xl-9{margin-left:36px!important}.v-application--is-ltr .me-xl-10{margin-right:40px!important}.v-application--is-rtl .me-xl-10{margin-left:40px!important}.v-application--is-ltr .me-xl-11{margin-right:44px!important}.v-application--is-rtl .me-xl-11{margin-left:44px!important}.v-application--is-ltr .me-xl-12{margin-right:48px!important}.v-application--is-rtl .me-xl-12{margin-left:48px!important}.v-application--is-ltr .me-xl-13{margin-right:52px!important}.v-application--is-rtl .me-xl-13{margin-left:52px!important}.v-application--is-ltr .me-xl-14{margin-right:56px!important}.v-application--is-rtl .me-xl-14{margin-left:56px!important}.v-application--is-ltr .me-xl-15{margin-right:60px!important}.v-application--is-rtl .me-xl-15{margin-left:60px!important}.v-application--is-ltr .me-xl-16{margin-right:64px!important}.v-application--is-rtl .me-xl-16{margin-left:64px!important}.v-application--is-ltr .me-xl-auto{margin-right:auto!important}.v-application--is-rtl .me-xl-auto{margin-left:auto!important}.v-application .ma-xl-n1{margin:-4px!important}.v-application .ma-xl-n2{margin:-8px!important}.v-application .ma-xl-n3{margin:-12px!important}.v-application .ma-xl-n4{margin:-16px!important}.v-application .ma-xl-n5{margin:-20px!important}.v-application .ma-xl-n6{margin:-24px!important}.v-application .ma-xl-n7{margin:-28px!important}.v-application .ma-xl-n8{margin:-32px!important}.v-application .ma-xl-n9{margin:-36px!important}.v-application .ma-xl-n10{margin:-40px!important}.v-application .ma-xl-n11{margin:-44px!important}.v-application .ma-xl-n12{margin:-48px!important}.v-application .ma-xl-n13{margin:-52px!important}.v-application .ma-xl-n14{margin:-56px!important}.v-application .ma-xl-n15{margin:-60px!important}.v-application .ma-xl-n16{margin:-64px!important}.v-application .mx-xl-n1{margin-left:-4px!important;margin-right:-4px!important}.v-application .mx-xl-n2{margin-left:-8px!important;margin-right:-8px!important}.v-application .mx-xl-n3{margin-left:-12px!important;margin-right:-12px!important}.v-application .mx-xl-n4{margin-left:-16px!important;margin-right:-16px!important}.v-application .mx-xl-n5{margin-left:-20px!important;margin-right:-20px!important}.v-application .mx-xl-n6{margin-left:-24px!important;margin-right:-24px!important}.v-application .mx-xl-n7{margin-left:-28px!important;margin-right:-28px!important}.v-application .mx-xl-n8{margin-left:-32px!important;margin-right:-32px!important}.v-application .mx-xl-n9{margin-left:-36px!important;margin-right:-36px!important}.v-application .mx-xl-n10{margin-left:-40px!important;margin-right:-40px!important}.v-application .mx-xl-n11{margin-left:-44px!important;margin-right:-44px!important}.v-application .mx-xl-n12{margin-left:-48px!important;margin-right:-48px!important}.v-application .mx-xl-n13{margin-left:-52px!important;margin-right:-52px!important}.v-application .mx-xl-n14{margin-left:-56px!important;margin-right:-56px!important}.v-application .mx-xl-n15{margin-left:-60px!important;margin-right:-60px!important}.v-application .mx-xl-n16{margin-left:-64px!important;margin-right:-64px!important}.v-application .my-xl-n1{margin-bottom:-4px!important;margin-top:-4px!important}.v-application .my-xl-n2{margin-bottom:-8px!important;margin-top:-8px!important}.v-application .my-xl-n3{margin-bottom:-12px!important;margin-top:-12px!important}.v-application .my-xl-n4{margin-bottom:-16px!important;margin-top:-16px!important}.v-application .my-xl-n5{margin-bottom:-20px!important;margin-top:-20px!important}.v-application .my-xl-n6{margin-bottom:-24px!important;margin-top:-24px!important}.v-application .my-xl-n7{margin-bottom:-28px!important;margin-top:-28px!important}.v-application .my-xl-n8{margin-bottom:-32px!important;margin-top:-32px!important}.v-application .my-xl-n9{margin-bottom:-36px!important;margin-top:-36px!important}.v-application .my-xl-n10{margin-bottom:-40px!important;margin-top:-40px!important}.v-application .my-xl-n11{margin-bottom:-44px!important;margin-top:-44px!important}.v-application .my-xl-n12{margin-bottom:-48px!important;margin-top:-48px!important}.v-application .my-xl-n13{margin-bottom:-52px!important;margin-top:-52px!important}.v-application .my-xl-n14{margin-bottom:-56px!important;margin-top:-56px!important}.v-application .my-xl-n15{margin-bottom:-60px!important;margin-top:-60px!important}.v-application .my-xl-n16{margin-bottom:-64px!important;margin-top:-64px!important}.v-application .mt-xl-n1{margin-top:-4px!important}.v-application .mt-xl-n2{margin-top:-8px!important}.v-application .mt-xl-n3{margin-top:-12px!important}.v-application .mt-xl-n4{margin-top:-16px!important}.v-application .mt-xl-n5{margin-top:-20px!important}.v-application .mt-xl-n6{margin-top:-24px!important}.v-application .mt-xl-n7{margin-top:-28px!important}.v-application .mt-xl-n8{margin-top:-32px!important}.v-application .mt-xl-n9{margin-top:-36px!important}.v-application .mt-xl-n10{margin-top:-40px!important}.v-application .mt-xl-n11{margin-top:-44px!important}.v-application .mt-xl-n12{margin-top:-48px!important}.v-application .mt-xl-n13{margin-top:-52px!important}.v-application .mt-xl-n14{margin-top:-56px!important}.v-application .mt-xl-n15{margin-top:-60px!important}.v-application .mt-xl-n16{margin-top:-64px!important}.v-application .mr-xl-n1{margin-right:-4px!important}.v-application .mr-xl-n2{margin-right:-8px!important}.v-application .mr-xl-n3{margin-right:-12px!important}.v-application .mr-xl-n4{margin-right:-16px!important}.v-application .mr-xl-n5{margin-right:-20px!important}.v-application .mr-xl-n6{margin-right:-24px!important}.v-application .mr-xl-n7{margin-right:-28px!important}.v-application .mr-xl-n8{margin-right:-32px!important}.v-application .mr-xl-n9{margin-right:-36px!important}.v-application .mr-xl-n10{margin-right:-40px!important}.v-application .mr-xl-n11{margin-right:-44px!important}.v-application .mr-xl-n12{margin-right:-48px!important}.v-application .mr-xl-n13{margin-right:-52px!important}.v-application .mr-xl-n14{margin-right:-56px!important}.v-application .mr-xl-n15{margin-right:-60px!important}.v-application .mr-xl-n16{margin-right:-64px!important}.v-application .mb-xl-n1{margin-bottom:-4px!important}.v-application .mb-xl-n2{margin-bottom:-8px!important}.v-application .mb-xl-n3{margin-bottom:-12px!important}.v-application .mb-xl-n4{margin-bottom:-16px!important}.v-application .mb-xl-n5{margin-bottom:-20px!important}.v-application .mb-xl-n6{margin-bottom:-24px!important}.v-application .mb-xl-n7{margin-bottom:-28px!important}.v-application .mb-xl-n8{margin-bottom:-32px!important}.v-application .mb-xl-n9{margin-bottom:-36px!important}.v-application .mb-xl-n10{margin-bottom:-40px!important}.v-application .mb-xl-n11{margin-bottom:-44px!important}.v-application .mb-xl-n12{margin-bottom:-48px!important}.v-application .mb-xl-n13{margin-bottom:-52px!important}.v-application .mb-xl-n14{margin-bottom:-56px!important}.v-application .mb-xl-n15{margin-bottom:-60px!important}.v-application .mb-xl-n16{margin-bottom:-64px!important}.v-application .ml-xl-n1{margin-left:-4px!important}.v-application .ml-xl-n2{margin-left:-8px!important}.v-application .ml-xl-n3{margin-left:-12px!important}.v-application .ml-xl-n4{margin-left:-16px!important}.v-application .ml-xl-n5{margin-left:-20px!important}.v-application .ml-xl-n6{margin-left:-24px!important}.v-application .ml-xl-n7{margin-left:-28px!important}.v-application .ml-xl-n8{margin-left:-32px!important}.v-application .ml-xl-n9{margin-left:-36px!important}.v-application .ml-xl-n10{margin-left:-40px!important}.v-application .ml-xl-n11{margin-left:-44px!important}.v-application .ml-xl-n12{margin-left:-48px!important}.v-application .ml-xl-n13{margin-left:-52px!important}.v-application .ml-xl-n14{margin-left:-56px!important}.v-application .ml-xl-n15{margin-left:-60px!important}.v-application .ml-xl-n16{margin-left:-64px!important}.v-application--is-ltr .ms-xl-n1{margin-left:-4px!important}.v-application--is-rtl .ms-xl-n1{margin-right:-4px!important}.v-application--is-ltr .ms-xl-n2{margin-left:-8px!important}.v-application--is-rtl .ms-xl-n2{margin-right:-8px!important}.v-application--is-ltr .ms-xl-n3{margin-left:-12px!important}.v-application--is-rtl .ms-xl-n3{margin-right:-12px!important}.v-application--is-ltr .ms-xl-n4{margin-left:-16px!important}.v-application--is-rtl .ms-xl-n4{margin-right:-16px!important}.v-application--is-ltr .ms-xl-n5{margin-left:-20px!important}.v-application--is-rtl .ms-xl-n5{margin-right:-20px!important}.v-application--is-ltr .ms-xl-n6{margin-left:-24px!important}.v-application--is-rtl .ms-xl-n6{margin-right:-24px!important}.v-application--is-ltr .ms-xl-n7{margin-left:-28px!important}.v-application--is-rtl .ms-xl-n7{margin-right:-28px!important}.v-application--is-ltr .ms-xl-n8{margin-left:-32px!important}.v-application--is-rtl .ms-xl-n8{margin-right:-32px!important}.v-application--is-ltr .ms-xl-n9{margin-left:-36px!important}.v-application--is-rtl .ms-xl-n9{margin-right:-36px!important}.v-application--is-ltr .ms-xl-n10{margin-left:-40px!important}.v-application--is-rtl .ms-xl-n10{margin-right:-40px!important}.v-application--is-ltr .ms-xl-n11{margin-left:-44px!important}.v-application--is-rtl .ms-xl-n11{margin-right:-44px!important}.v-application--is-ltr .ms-xl-n12{margin-left:-48px!important}.v-application--is-rtl .ms-xl-n12{margin-right:-48px!important}.v-application--is-ltr .ms-xl-n13{margin-left:-52px!important}.v-application--is-rtl .ms-xl-n13{margin-right:-52px!important}.v-application--is-ltr .ms-xl-n14{margin-left:-56px!important}.v-application--is-rtl .ms-xl-n14{margin-right:-56px!important}.v-application--is-ltr .ms-xl-n15{margin-left:-60px!important}.v-application--is-rtl .ms-xl-n15{margin-right:-60px!important}.v-application--is-ltr .ms-xl-n16{margin-left:-64px!important}.v-application--is-rtl .ms-xl-n16{margin-right:-64px!important}.v-application--is-ltr .me-xl-n1{margin-right:-4px!important}.v-application--is-rtl .me-xl-n1{margin-left:-4px!important}.v-application--is-ltr .me-xl-n2{margin-right:-8px!important}.v-application--is-rtl .me-xl-n2{margin-left:-8px!important}.v-application--is-ltr .me-xl-n3{margin-right:-12px!important}.v-application--is-rtl .me-xl-n3{margin-left:-12px!important}.v-application--is-ltr .me-xl-n4{margin-right:-16px!important}.v-application--is-rtl .me-xl-n4{margin-left:-16px!important}.v-application--is-ltr .me-xl-n5{margin-right:-20px!important}.v-application--is-rtl .me-xl-n5{margin-left:-20px!important}.v-application--is-ltr .me-xl-n6{margin-right:-24px!important}.v-application--is-rtl .me-xl-n6{margin-left:-24px!important}.v-application--is-ltr .me-xl-n7{margin-right:-28px!important}.v-application--is-rtl .me-xl-n7{margin-left:-28px!important}.v-application--is-ltr .me-xl-n8{margin-right:-32px!important}.v-application--is-rtl .me-xl-n8{margin-left:-32px!important}.v-application--is-ltr .me-xl-n9{margin-right:-36px!important}.v-application--is-rtl .me-xl-n9{margin-left:-36px!important}.v-application--is-ltr .me-xl-n10{margin-right:-40px!important}.v-application--is-rtl .me-xl-n10{margin-left:-40px!important}.v-application--is-ltr .me-xl-n11{margin-right:-44px!important}.v-application--is-rtl .me-xl-n11{margin-left:-44px!important}.v-application--is-ltr .me-xl-n12{margin-right:-48px!important}.v-application--is-rtl .me-xl-n12{margin-left:-48px!important}.v-application--is-ltr .me-xl-n13{margin-right:-52px!important}.v-application--is-rtl .me-xl-n13{margin-left:-52px!important}.v-application--is-ltr .me-xl-n14{margin-right:-56px!important}.v-application--is-rtl .me-xl-n14{margin-left:-56px!important}.v-application--is-ltr .me-xl-n15{margin-right:-60px!important}.v-application--is-rtl .me-xl-n15{margin-left:-60px!important}.v-application--is-ltr .me-xl-n16{margin-right:-64px!important}.v-application--is-rtl .me-xl-n16{margin-left:-64px!important}.v-application .pa-xl-0{padding:0!important}.v-application .pa-xl-1{padding:4px!important}.v-application .pa-xl-2{padding:8px!important}.v-application .pa-xl-3{padding:12px!important}.v-application .pa-xl-4{padding:16px!important}.v-application .pa-xl-5{padding:20px!important}.v-application .pa-xl-6{padding:24px!important}.v-application .pa-xl-7{padding:28px!important}.v-application .pa-xl-8{padding:32px!important}.v-application .pa-xl-9{padding:36px!important}.v-application .pa-xl-10{padding:40px!important}.v-application .pa-xl-11{padding:44px!important}.v-application .pa-xl-12{padding:48px!important}.v-application .pa-xl-13{padding:52px!important}.v-application .pa-xl-14{padding:56px!important}.v-application .pa-xl-15{padding:60px!important}.v-application .pa-xl-16{padding:64px!important}.v-application .px-xl-0{padding-left:0!important;padding-right:0!important}.v-application .px-xl-1{padding-left:4px!important;padding-right:4px!important}.v-application .px-xl-2{padding-left:8px!important;padding-right:8px!important}.v-application .px-xl-3{padding-left:12px!important;padding-right:12px!important}.v-application .px-xl-4{padding-left:16px!important;padding-right:16px!important}.v-application .px-xl-5{padding-left:20px!important;padding-right:20px!important}.v-application .px-xl-6{padding-left:24px!important;padding-right:24px!important}.v-application .px-xl-7{padding-left:28px!important;padding-right:28px!important}.v-application .px-xl-8{padding-left:32px!important;padding-right:32px!important}.v-application .px-xl-9{padding-left:36px!important;padding-right:36px!important}.v-application .px-xl-10{padding-left:40px!important;padding-right:40px!important}.v-application .px-xl-11{padding-left:44px!important;padding-right:44px!important}.v-application .px-xl-12{padding-left:48px!important;padding-right:48px!important}.v-application .px-xl-13{padding-left:52px!important;padding-right:52px!important}.v-application .px-xl-14{padding-left:56px!important;padding-right:56px!important}.v-application .px-xl-15{padding-left:60px!important;padding-right:60px!important}.v-application .px-xl-16{padding-left:64px!important;padding-right:64px!important}.v-application .py-xl-0{padding-bottom:0!important;padding-top:0!important}.v-application .py-xl-1{padding-bottom:4px!important;padding-top:4px!important}.v-application .py-xl-2{padding-bottom:8px!important;padding-top:8px!important}.v-application .py-xl-3{padding-bottom:12px!important;padding-top:12px!important}.v-application .py-xl-4{padding-bottom:16px!important;padding-top:16px!important}.v-application .py-xl-5{padding-bottom:20px!important;padding-top:20px!important}.v-application .py-xl-6{padding-bottom:24px!important;padding-top:24px!important}.v-application .py-xl-7{padding-bottom:28px!important;padding-top:28px!important}.v-application .py-xl-8{padding-bottom:32px!important;padding-top:32px!important}.v-application .py-xl-9{padding-bottom:36px!important;padding-top:36px!important}.v-application .py-xl-10{padding-bottom:40px!important;padding-top:40px!important}.v-application .py-xl-11{padding-bottom:44px!important;padding-top:44px!important}.v-application .py-xl-12{padding-bottom:48px!important;padding-top:48px!important}.v-application .py-xl-13{padding-bottom:52px!important;padding-top:52px!important}.v-application .py-xl-14{padding-bottom:56px!important;padding-top:56px!important}.v-application .py-xl-15{padding-bottom:60px!important;padding-top:60px!important}.v-application .py-xl-16{padding-bottom:64px!important;padding-top:64px!important}.v-application .pt-xl-0{padding-top:0!important}.v-application .pt-xl-1{padding-top:4px!important}.v-application .pt-xl-2{padding-top:8px!important}.v-application .pt-xl-3{padding-top:12px!important}.v-application .pt-xl-4{padding-top:16px!important}.v-application .pt-xl-5{padding-top:20px!important}.v-application .pt-xl-6{padding-top:24px!important}.v-application .pt-xl-7{padding-top:28px!important}.v-application .pt-xl-8{padding-top:32px!important}.v-application .pt-xl-9{padding-top:36px!important}.v-application .pt-xl-10{padding-top:40px!important}.v-application .pt-xl-11{padding-top:44px!important}.v-application .pt-xl-12{padding-top:48px!important}.v-application .pt-xl-13{padding-top:52px!important}.v-application .pt-xl-14{padding-top:56px!important}.v-application .pt-xl-15{padding-top:60px!important}.v-application .pt-xl-16{padding-top:64px!important}.v-application .pr-xl-0{padding-right:0!important}.v-application .pr-xl-1{padding-right:4px!important}.v-application .pr-xl-2{padding-right:8px!important}.v-application .pr-xl-3{padding-right:12px!important}.v-application .pr-xl-4{padding-right:16px!important}.v-application .pr-xl-5{padding-right:20px!important}.v-application .pr-xl-6{padding-right:24px!important}.v-application .pr-xl-7{padding-right:28px!important}.v-application .pr-xl-8{padding-right:32px!important}.v-application .pr-xl-9{padding-right:36px!important}.v-application .pr-xl-10{padding-right:40px!important}.v-application .pr-xl-11{padding-right:44px!important}.v-application .pr-xl-12{padding-right:48px!important}.v-application .pr-xl-13{padding-right:52px!important}.v-application .pr-xl-14{padding-right:56px!important}.v-application .pr-xl-15{padding-right:60px!important}.v-application .pr-xl-16{padding-right:64px!important}.v-application .pb-xl-0{padding-bottom:0!important}.v-application .pb-xl-1{padding-bottom:4px!important}.v-application .pb-xl-2{padding-bottom:8px!important}.v-application .pb-xl-3{padding-bottom:12px!important}.v-application .pb-xl-4{padding-bottom:16px!important}.v-application .pb-xl-5{padding-bottom:20px!important}.v-application .pb-xl-6{padding-bottom:24px!important}.v-application .pb-xl-7{padding-bottom:28px!important}.v-application .pb-xl-8{padding-bottom:32px!important}.v-application .pb-xl-9{padding-bottom:36px!important}.v-application .pb-xl-10{padding-bottom:40px!important}.v-application .pb-xl-11{padding-bottom:44px!important}.v-application .pb-xl-12{padding-bottom:48px!important}.v-application .pb-xl-13{padding-bottom:52px!important}.v-application .pb-xl-14{padding-bottom:56px!important}.v-application .pb-xl-15{padding-bottom:60px!important}.v-application .pb-xl-16{padding-bottom:64px!important}.v-application .pl-xl-0{padding-left:0!important}.v-application .pl-xl-1{padding-left:4px!important}.v-application .pl-xl-2{padding-left:8px!important}.v-application .pl-xl-3{padding-left:12px!important}.v-application .pl-xl-4{padding-left:16px!important}.v-application .pl-xl-5{padding-left:20px!important}.v-application .pl-xl-6{padding-left:24px!important}.v-application .pl-xl-7{padding-left:28px!important}.v-application .pl-xl-8{padding-left:32px!important}.v-application .pl-xl-9{padding-left:36px!important}.v-application .pl-xl-10{padding-left:40px!important}.v-application .pl-xl-11{padding-left:44px!important}.v-application .pl-xl-12{padding-left:48px!important}.v-application .pl-xl-13{padding-left:52px!important}.v-application .pl-xl-14{padding-left:56px!important}.v-application .pl-xl-15{padding-left:60px!important}.v-application .pl-xl-16{padding-left:64px!important}.v-application--is-ltr .ps-xl-0{padding-left:0!important}.v-application--is-rtl .ps-xl-0{padding-right:0!important}.v-application--is-ltr .ps-xl-1{padding-left:4px!important}.v-application--is-rtl .ps-xl-1{padding-right:4px!important}.v-application--is-ltr .ps-xl-2{padding-left:8px!important}.v-application--is-rtl .ps-xl-2{padding-right:8px!important}.v-application--is-ltr .ps-xl-3{padding-left:12px!important}.v-application--is-rtl .ps-xl-3{padding-right:12px!important}.v-application--is-ltr .ps-xl-4{padding-left:16px!important}.v-application--is-rtl .ps-xl-4{padding-right:16px!important}.v-application--is-ltr .ps-xl-5{padding-left:20px!important}.v-application--is-rtl .ps-xl-5{padding-right:20px!important}.v-application--is-ltr .ps-xl-6{padding-left:24px!important}.v-application--is-rtl .ps-xl-6{padding-right:24px!important}.v-application--is-ltr .ps-xl-7{padding-left:28px!important}.v-application--is-rtl .ps-xl-7{padding-right:28px!important}.v-application--is-ltr .ps-xl-8{padding-left:32px!important}.v-application--is-rtl .ps-xl-8{padding-right:32px!important}.v-application--is-ltr .ps-xl-9{padding-left:36px!important}.v-application--is-rtl .ps-xl-9{padding-right:36px!important}.v-application--is-ltr .ps-xl-10{padding-left:40px!important}.v-application--is-rtl .ps-xl-10{padding-right:40px!important}.v-application--is-ltr .ps-xl-11{padding-left:44px!important}.v-application--is-rtl .ps-xl-11{padding-right:44px!important}.v-application--is-ltr .ps-xl-12{padding-left:48px!important}.v-application--is-rtl .ps-xl-12{padding-right:48px!important}.v-application--is-ltr .ps-xl-13{padding-left:52px!important}.v-application--is-rtl .ps-xl-13{padding-right:52px!important}.v-application--is-ltr .ps-xl-14{padding-left:56px!important}.v-application--is-rtl .ps-xl-14{padding-right:56px!important}.v-application--is-ltr .ps-xl-15{padding-left:60px!important}.v-application--is-rtl .ps-xl-15{padding-right:60px!important}.v-application--is-ltr .ps-xl-16{padding-left:64px!important}.v-application--is-rtl .ps-xl-16{padding-right:64px!important}.v-application--is-ltr .pe-xl-0{padding-right:0!important}.v-application--is-rtl .pe-xl-0{padding-left:0!important}.v-application--is-ltr .pe-xl-1{padding-right:4px!important}.v-application--is-rtl .pe-xl-1{padding-left:4px!important}.v-application--is-ltr .pe-xl-2{padding-right:8px!important}.v-application--is-rtl .pe-xl-2{padding-left:8px!important}.v-application--is-ltr .pe-xl-3{padding-right:12px!important}.v-application--is-rtl .pe-xl-3{padding-left:12px!important}.v-application--is-ltr .pe-xl-4{padding-right:16px!important}.v-application--is-rtl .pe-xl-4{padding-left:16px!important}.v-application--is-ltr .pe-xl-5{padding-right:20px!important}.v-application--is-rtl .pe-xl-5{padding-left:20px!important}.v-application--is-ltr .pe-xl-6{padding-right:24px!important}.v-application--is-rtl .pe-xl-6{padding-left:24px!important}.v-application--is-ltr .pe-xl-7{padding-right:28px!important}.v-application--is-rtl .pe-xl-7{padding-left:28px!important}.v-application--is-ltr .pe-xl-8{padding-right:32px!important}.v-application--is-rtl .pe-xl-8{padding-left:32px!important}.v-application--is-ltr .pe-xl-9{padding-right:36px!important}.v-application--is-rtl .pe-xl-9{padding-left:36px!important}.v-application--is-ltr .pe-xl-10{padding-right:40px!important}.v-application--is-rtl .pe-xl-10{padding-left:40px!important}.v-application--is-ltr .pe-xl-11{padding-right:44px!important}.v-application--is-rtl .pe-xl-11{padding-left:44px!important}.v-application--is-ltr .pe-xl-12{padding-right:48px!important}.v-application--is-rtl .pe-xl-12{padding-left:48px!important}.v-application--is-ltr .pe-xl-13{padding-right:52px!important}.v-application--is-rtl .pe-xl-13{padding-left:52px!important}.v-application--is-ltr .pe-xl-14{padding-right:56px!important}.v-application--is-rtl .pe-xl-14{padding-left:56px!important}.v-application--is-ltr .pe-xl-15{padding-right:60px!important}.v-application--is-rtl .pe-xl-15{padding-left:60px!important}.v-application--is-ltr .pe-xl-16{padding-right:64px!important}.v-application--is-rtl .pe-xl-16{padding-left:64px!important}.v-application .text-xl-left{text-align:left!important}.v-application .text-xl-right{text-align:right!important}.v-application .text-xl-center{text-align:center!important}.v-application .text-xl-justify{text-align:justify!important}.v-application .text-xl-start{text-align:left!important}.v-application .text-xl-end{text-align:right!important}.v-application .text-xl-h1{font-size:6rem!important;letter-spacing:-.015625em!important;line-height:6rem}.v-application .text-xl-h1,.v-application .text-xl-h2{font-family:Nunito,sans-serif!important;font-weight:300}.v-application .text-xl-h2{font-size:3.75rem!important;letter-spacing:-.0083333333em!important;line-height:3.75rem}.v-application .text-xl-h3{font-size:3rem!important;letter-spacing:normal!important;line-height:3.125rem}.v-application .text-xl-h3,.v-application .text-xl-h4{font-family:Nunito,sans-serif!important;font-weight:400}.v-application .text-xl-h4{font-size:2.125rem!important;letter-spacing:.0073529412em!important;line-height:2.5rem}.v-application .text-xl-h5{font-size:1.5rem!important;font-weight:400;letter-spacing:normal!important}.v-application .text-xl-h5,.v-application .text-xl-h6{font-family:Nunito,sans-serif!important;line-height:2rem}.v-application .text-xl-h6{font-size:1.25rem!important;font-weight:500;letter-spacing:.0125em!important}.v-application .text-xl-subtitle-1{font-family:Nunito,sans-serif!important;font-size:1rem!important;font-weight:400;letter-spacing:.009375em!important;line-height:1.75rem}.v-application .text-xl-subtitle-2{font-family:Nunito,sans-serif!important;font-size:.875rem!important;font-weight:500;letter-spacing:.0071428571em!important;line-height:1.375rem}.v-application .text-xl-body-1{font-family:Nunito,sans-serif!important;font-size:1rem!important;font-weight:400;letter-spacing:.03125em!important;line-height:1.5rem}.v-application .text-xl-body-2{font-weight:400;letter-spacing:.0178571429em!important;line-height:1.25rem}.v-application .text-xl-body-2,.v-application .text-xl-button{font-family:Nunito,sans-serif!important;font-size:.875rem!important}.v-application .text-xl-button{font-weight:500;letter-spacing:.0892857143em!important;line-height:2.25rem;text-transform:uppercase!important}.v-application .text-xl-caption{font-weight:400;letter-spacing:.0333333333em!important;line-height:1.25rem}.v-application .text-xl-caption,.v-application .text-xl-overline{font-family:Nunito,sans-serif!important;font-size:.75rem!important}.v-application .text-xl-overline{font-weight:500;letter-spacing:.1666666667em!important;line-height:2rem;text-transform:uppercase!important}}@media print{.v-application .d-print-none{display:none!important}.v-application .d-print-inline{display:inline!important}.v-application .d-print-inline-block{display:inline-block!important}.v-application .d-print-block{display:block!important}.v-application .d-print-table{display:table!important}.v-application .d-print-table-row{display:table-row!important}.v-application .d-print-table-cell{display:table-cell!important}.v-application .d-print-flex{display:flex!important}.v-application .d-print-inline-flex{display:inline-flex!important}.v-application .float-print-none{float:none!important}.v-application .float-print-left{float:left!important}.v-application .float-print-right{float:right!important}.v-application--is-rtl .float-print-end{float:left!important}.v-application--is-ltr .float-print-end,.v-application--is-rtl .float-print-start{float:right!important}.v-application--is-ltr .float-print-start{float:left!important}}
.theme--light.v-input,.theme--light.v-input input,.theme--light.v-input textarea{color:rgba(0,0,0,.87)}.theme--light.v-input input::-moz-placeholder,.theme--light.v-input textarea::-moz-placeholder{color:rgba(0,0,0,.38)}.theme--light.v-input input::placeholder,.theme--light.v-input textarea::placeholder{color:rgba(0,0,0,.38)}.theme--light.v-input--is-disabled,.theme--light.v-input--is-disabled input,.theme--light.v-input--is-disabled textarea{color:rgba(0,0,0,.38)}.theme--dark.v-input,.theme--dark.v-input input,.theme--dark.v-input textarea{color:#fff}.theme--dark.v-input input::-moz-placeholder,.theme--dark.v-input textarea::-moz-placeholder{color:hsla(0,0%,100%,.5)}.theme--dark.v-input input::placeholder,.theme--dark.v-input textarea::placeholder{color:hsla(0,0%,100%,.5)}.theme--dark.v-input--is-disabled,.theme--dark.v-input--is-disabled input,.theme--dark.v-input--is-disabled textarea{color:hsla(0,0%,100%,.5)}.v-input{align-items:flex-start;display:flex;flex:1 1 auto;font-size:16px;letter-spacing:normal;max-width:100%;text-align:left}.v-input .v-progress-linear{left:0;top:calc(100% - 1px)}.v-input input{max-height:32px}.v-input input:invalid,.v-input textarea:invalid{box-shadow:none}.v-input input:active,.v-input input:focus,.v-input textarea:active,.v-input textarea:focus{outline:none}.v-input .v-label{height:20px;letter-spacing:normal;line-height:20px}.v-input__append-outer,.v-input__prepend-outer{display:inline-flex;line-height:1;margin-bottom:4px;margin-top:4px}.v-input__append-outer .v-icon,.v-input__prepend-outer .v-icon{-webkit-user-select:none;-moz-user-select:none;user-select:none}.v-application--is-ltr .v-input__append-outer{margin-left:9px}.v-application--is-ltr .v-input__prepend-outer,.v-application--is-rtl .v-input__append-outer{margin-right:9px}.v-application--is-rtl .v-input__prepend-outer{margin-left:9px}.v-input__control{display:flex;flex-direction:column;flex-grow:1;flex-wrap:wrap;height:auto;min-width:0;width:100%}.v-input__icon{align-items:center;display:inline-flex;flex:1 0 auto;height:24px;justify-content:center;min-width:24px;width:24px}.v-input__icon--clear{border-radius:50%}.v-input__icon--clear .v-icon--disabled{visibility:hidden}.v-input__slot{align-items:center;display:flex;margin-bottom:8px;min-height:inherit;position:relative;transition:.3s cubic-bezier(.25,.8,.5,1);transition-property:height,min-height;width:100%}.v-input--dense>.v-input__control>.v-input__slot{margin-bottom:4px}.v-input--is-loading>.v-input__control>.v-input__slot:after,.v-input--is-loading>.v-input__control>.v-input__slot:before{display:none}.v-input--hide-details>.v-input__control>.v-input__slot{margin-bottom:0}.v-input--has-state.error--text .v-label{animation:v-shake .6s cubic-bezier(.25,.8,.5,1)}.v-input--hide-spin-buttons input::-webkit-inner-spin-button,.v-input--hide-spin-buttons input::-webkit-outer-spin-button{-webkit-appearance:none;margin:0}.v-input--hide-spin-buttons input[type=number]{-moz-appearance:textfield}
.theme--light.v-label{color:rgba(0,0,0,.6)}.theme--light.v-label--is-disabled{color:rgba(0,0,0,.38)}.theme--dark.v-label{color:hsla(0,0%,100%,.7)}.theme--dark.v-label--is-disabled{color:hsla(0,0%,100%,.5)}.v-label{font-size:16px;line-height:1;min-height:8px;transition:.3s cubic-bezier(.25,.8,.5,1)}
.theme--light.v-messages{color:rgba(0,0,0,.6)}.theme--dark.v-messages{color:hsla(0,0%,100%,.7)}.v-messages{flex:1 1 auto;font-size:12px;min-height:14px;min-width:1px;position:relative}.v-application--is-ltr .v-messages{text-align:left}.v-application--is-rtl .v-messages{text-align:right}.v-messages__message{line-height:12px;word-break:break-word;word-wrap:break-word;-webkit-hyphens:auto;hyphens:auto}
.v-ripple__container{border-radius:inherit;contain:strict;height:100%;width:100%;z-index:0}.v-ripple__animation,.v-ripple__container{color:inherit;left:0;overflow:hidden;pointer-events:none;position:absolute;top:0}.v-ripple__animation{background:currentColor;border-radius:50%;opacity:0;will-change:transform,opacity}.v-ripple__animation--enter{opacity:0;transition:none}.v-ripple__animation--in{opacity:.25;transition:transform .25s cubic-bezier(.4,0,.2,1),opacity .1s cubic-bezier(.4,0,.2,1)}.v-ripple__animation--out{opacity:0;transition:opacity .3s cubic-bezier(.4,0,.2,1)}
.container{margin-left:auto;margin-right:auto;padding:12px;width:100%}@media(min-width:1024px){.container{max-width:900px}}@media(min-width:1280px){.container{max-width:1185px}}@media(min-width:1920px){.container{max-width:1785px}}.container--fluid{max-width:100%}.row{display:flex;flex:1 1 auto;flex-wrap:wrap;margin:-12px}.row+.row{margin-top:12px}.row+.row--dense{margin-top:4px}.row--dense{margin:-4px}.row--dense>.col,.row--dense>[class*=col-]{padding:4px}.row.no-gutters{margin:0}.row.no-gutters>.col,.row.no-gutters>[class*=col-]{padding:0}.col,.col-1,.col-10,.col-11,.col-12,.col-2,.col-3,.col-4,.col-5,.col-6,.col-7,.col-8,.col-9,.col-auto,.col-lg,.col-lg-1,.col-lg-10,.col-lg-11,.col-lg-12,.col-lg-2,.col-lg-3,.col-lg-4,.col-lg-5,.col-lg-6,.col-lg-7,.col-lg-8,.col-lg-9,.col-lg-auto,.col-md,.col-md-1,.col-md-10,.col-md-11,.col-md-12,.col-md-2,.col-md-3,.col-md-4,.col-md-5,.col-md-6,.col-md-7,.col-md-8,.col-md-9,.col-md-auto,.col-sm,.col-sm-1,.col-sm-10,.col-sm-11,.col-sm-12,.col-sm-2,.col-sm-3,.col-sm-4,.col-sm-5,.col-sm-6,.col-sm-7,.col-sm-8,.col-sm-9,.col-sm-auto,.col-xl,.col-xl-1,.col-xl-10,.col-xl-11,.col-xl-12,.col-xl-2,.col-xl-3,.col-xl-4,.col-xl-5,.col-xl-6,.col-xl-7,.col-xl-8,.col-xl-9,.col-xl-auto{padding:12px;width:100%}.col{flex-basis:0;flex-grow:1;max-width:100%}.col-auto{flex:0 0 auto;max-width:100%;width:auto}.col-1{flex:0 0 8.3333333333%;max-width:8.3333333333%}.col-2{flex:0 0 16.6666666667%;max-width:16.6666666667%}.col-3{flex:0 0 25%;max-width:25%}.col-4{flex:0 0 33.3333333333%;max-width:33.3333333333%}.col-5{flex:0 0 41.6666666667%;max-width:41.6666666667%}.col-6{flex:0 0 50%;max-width:50%}.col-7{flex:0 0 58.3333333333%;max-width:58.3333333333%}.col-8{flex:0 0 66.6666666667%;max-width:66.6666666667%}.col-9{flex:0 0 75%;max-width:75%}.col-10{flex:0 0 83.3333333333%;max-width:83.3333333333%}.col-11{flex:0 0 91.6666666667%;max-width:91.6666666667%}.col-12{flex:0 0 100%;max-width:100%}.v-application--is-ltr .offset-1{margin-left:8.3333333333%}.v-application--is-rtl .offset-1{margin-right:8.3333333333%}.v-application--is-ltr .offset-2{margin-left:16.6666666667%}.v-application--is-rtl .offset-2{margin-right:16.6666666667%}.v-application--is-ltr .offset-3{margin-left:25%}.v-application--is-rtl .offset-3{margin-right:25%}.v-application--is-ltr .offset-4{margin-left:33.3333333333%}.v-application--is-rtl .offset-4{margin-right:33.3333333333%}.v-application--is-ltr .offset-5{margin-left:41.6666666667%}.v-application--is-rtl .offset-5{margin-right:41.6666666667%}.v-application--is-ltr .offset-6{margin-left:50%}.v-application--is-rtl .offset-6{margin-right:50%}.v-application--is-ltr .offset-7{margin-left:58.3333333333%}.v-application--is-rtl .offset-7{margin-right:58.3333333333%}.v-application--is-ltr .offset-8{margin-left:66.6666666667%}.v-application--is-rtl .offset-8{margin-right:66.6666666667%}.v-application--is-ltr .offset-9{margin-left:75%}.v-application--is-rtl .offset-9{margin-right:75%}.v-application--is-ltr .offset-10{margin-left:83.3333333333%}.v-application--is-rtl .offset-10{margin-right:83.3333333333%}.v-application--is-ltr .offset-11{margin-left:91.6666666667%}.v-application--is-rtl .offset-11{margin-right:91.6666666667%}@media(min-width:720px){.col-sm{flex-basis:0;flex-grow:1;max-width:100%}.col-sm-auto{flex:0 0 auto;max-width:100%;width:auto}.col-sm-1{flex:0 0 8.3333333333%;max-width:8.3333333333%}.col-sm-2{flex:0 0 16.6666666667%;max-width:16.6666666667%}.col-sm-3{flex:0 0 25%;max-width:25%}.col-sm-4{flex:0 0 33.3333333333%;max-width:33.3333333333%}.col-sm-5{flex:0 0 41.6666666667%;max-width:41.6666666667%}.col-sm-6{flex:0 0 50%;max-width:50%}.col-sm-7{flex:0 0 58.3333333333%;max-width:58.3333333333%}.col-sm-8{flex:0 0 66.6666666667%;max-width:66.6666666667%}.col-sm-9{flex:0 0 75%;max-width:75%}.col-sm-10{flex:0 0 83.3333333333%;max-width:83.3333333333%}.col-sm-11{flex:0 0 91.6666666667%;max-width:91.6666666667%}.col-sm-12{flex:0 0 100%;max-width:100%}.v-application--is-ltr .offset-sm-0{margin-left:0}.v-application--is-rtl .offset-sm-0{margin-right:0}.v-application--is-ltr .offset-sm-1{margin-left:8.3333333333%}.v-application--is-rtl .offset-sm-1{margin-right:8.3333333333%}.v-application--is-ltr .offset-sm-2{margin-left:16.6666666667%}.v-application--is-rtl .offset-sm-2{margin-right:16.6666666667%}.v-application--is-ltr .offset-sm-3{margin-left:25%}.v-application--is-rtl .offset-sm-3{margin-right:25%}.v-application--is-ltr .offset-sm-4{margin-left:33.3333333333%}.v-application--is-rtl .offset-sm-4{margin-right:33.3333333333%}.v-application--is-ltr .offset-sm-5{margin-left:41.6666666667%}.v-application--is-rtl .offset-sm-5{margin-right:41.6666666667%}.v-application--is-ltr .offset-sm-6{margin-left:50%}.v-application--is-rtl .offset-sm-6{margin-right:50%}.v-application--is-ltr .offset-sm-7{margin-left:58.3333333333%}.v-application--is-rtl .offset-sm-7{margin-right:58.3333333333%}.v-application--is-ltr .offset-sm-8{margin-left:66.6666666667%}.v-application--is-rtl .offset-sm-8{margin-right:66.6666666667%}.v-application--is-ltr .offset-sm-9{margin-left:75%}.v-application--is-rtl .offset-sm-9{margin-right:75%}.v-application--is-ltr .offset-sm-10{margin-left:83.3333333333%}.v-application--is-rtl .offset-sm-10{margin-right:83.3333333333%}.v-application--is-ltr .offset-sm-11{margin-left:91.6666666667%}.v-application--is-rtl .offset-sm-11{margin-right:91.6666666667%}}@media(min-width:1024px){.col-md{flex-basis:0;flex-grow:1;max-width:100%}.col-md-auto{flex:0 0 auto;max-width:100%;width:auto}.col-md-1{flex:0 0 8.3333333333%;max-width:8.3333333333%}.col-md-2{flex:0 0 16.6666666667%;max-width:16.6666666667%}.col-md-3{flex:0 0 25%;max-width:25%}.col-md-4{flex:0 0 33.3333333333%;max-width:33.3333333333%}.col-md-5{flex:0 0 41.6666666667%;max-width:41.6666666667%}.col-md-6{flex:0 0 50%;max-width:50%}.col-md-7{flex:0 0 58.3333333333%;max-width:58.3333333333%}.col-md-8{flex:0 0 66.6666666667%;max-width:66.6666666667%}.col-md-9{flex:0 0 75%;max-width:75%}.col-md-10{flex:0 0 83.3333333333%;max-width:83.3333333333%}.col-md-11{flex:0 0 91.6666666667%;max-width:91.6666666667%}.col-md-12{flex:0 0 100%;max-width:100%}.v-application--is-ltr .offset-md-0{margin-left:0}.v-application--is-rtl .offset-md-0{margin-right:0}.v-application--is-ltr .offset-md-1{margin-left:8.3333333333%}.v-application--is-rtl .offset-md-1{margin-right:8.3333333333%}.v-application--is-ltr .offset-md-2{margin-left:16.6666666667%}.v-application--is-rtl .offset-md-2{margin-right:16.6666666667%}.v-application--is-ltr .offset-md-3{margin-left:25%}.v-application--is-rtl .offset-md-3{margin-right:25%}.v-application--is-ltr .offset-md-4{margin-left:33.3333333333%}.v-application--is-rtl .offset-md-4{margin-right:33.3333333333%}.v-application--is-ltr .offset-md-5{margin-left:41.6666666667%}.v-application--is-rtl .offset-md-5{margin-right:41.6666666667%}.v-application--is-ltr .offset-md-6{margin-left:50%}.v-application--is-rtl .offset-md-6{margin-right:50%}.v-application--is-ltr .offset-md-7{margin-left:58.3333333333%}.v-application--is-rtl .offset-md-7{margin-right:58.3333333333%}.v-application--is-ltr .offset-md-8{margin-left:66.6666666667%}.v-application--is-rtl .offset-md-8{margin-right:66.6666666667%}.v-application--is-ltr .offset-md-9{margin-left:75%}.v-application--is-rtl .offset-md-9{margin-right:75%}.v-application--is-ltr .offset-md-10{margin-left:83.3333333333%}.v-application--is-rtl .offset-md-10{margin-right:83.3333333333%}.v-application--is-ltr .offset-md-11{margin-left:91.6666666667%}.v-application--is-rtl .offset-md-11{margin-right:91.6666666667%}}@media(min-width:1280px){.col-lg{flex-basis:0;flex-grow:1;max-width:100%}.col-lg-auto{flex:0 0 auto;max-width:100%;width:auto}.col-lg-1{flex:0 0 8.3333333333%;max-width:8.3333333333%}.col-lg-2{flex:0 0 16.6666666667%;max-width:16.6666666667%}.col-lg-3{flex:0 0 25%;max-width:25%}.col-lg-4{flex:0 0 33.3333333333%;max-width:33.3333333333%}.col-lg-5{flex:0 0 41.6666666667%;max-width:41.6666666667%}.col-lg-6{flex:0 0 50%;max-width:50%}.col-lg-7{flex:0 0 58.3333333333%;max-width:58.3333333333%}.col-lg-8{flex:0 0 66.6666666667%;max-width:66.6666666667%}.col-lg-9{flex:0 0 75%;max-width:75%}.col-lg-10{flex:0 0 83.3333333333%;max-width:83.3333333333%}.col-lg-11{flex:0 0 91.6666666667%;max-width:91.6666666667%}.col-lg-12{flex:0 0 100%;max-width:100%}.v-application--is-ltr .offset-lg-0{margin-left:0}.v-application--is-rtl .offset-lg-0{margin-right:0}.v-application--is-ltr .offset-lg-1{margin-left:8.3333333333%}.v-application--is-rtl .offset-lg-1{margin-right:8.3333333333%}.v-application--is-ltr .offset-lg-2{margin-left:16.6666666667%}.v-application--is-rtl .offset-lg-2{margin-right:16.6666666667%}.v-application--is-ltr .offset-lg-3{margin-left:25%}.v-application--is-rtl .offset-lg-3{margin-right:25%}.v-application--is-ltr .offset-lg-4{margin-left:33.3333333333%}.v-application--is-rtl .offset-lg-4{margin-right:33.3333333333%}.v-application--is-ltr .offset-lg-5{margin-left:41.6666666667%}.v-application--is-rtl .offset-lg-5{margin-right:41.6666666667%}.v-application--is-ltr .offset-lg-6{margin-left:50%}.v-application--is-rtl .offset-lg-6{margin-right:50%}.v-application--is-ltr .offset-lg-7{margin-left:58.3333333333%}.v-application--is-rtl .offset-lg-7{margin-right:58.3333333333%}.v-application--is-ltr .offset-lg-8{margin-left:66.6666666667%}.v-application--is-rtl .offset-lg-8{margin-right:66.6666666667%}.v-application--is-ltr .offset-lg-9{margin-left:75%}.v-application--is-rtl .offset-lg-9{margin-right:75%}.v-application--is-ltr .offset-lg-10{margin-left:83.3333333333%}.v-application--is-rtl .offset-lg-10{margin-right:83.3333333333%}.v-application--is-ltr .offset-lg-11{margin-left:91.6666666667%}.v-application--is-rtl .offset-lg-11{margin-right:91.6666666667%}}@media(min-width:1920px){.col-xl{flex-basis:0;flex-grow:1;max-width:100%}.col-xl-auto{flex:0 0 auto;max-width:100%;width:auto}.col-xl-1{flex:0 0 8.3333333333%;max-width:8.3333333333%}.col-xl-2{flex:0 0 16.6666666667%;max-width:16.6666666667%}.col-xl-3{flex:0 0 25%;max-width:25%}.col-xl-4{flex:0 0 33.3333333333%;max-width:33.3333333333%}.col-xl-5{flex:0 0 41.6666666667%;max-width:41.6666666667%}.col-xl-6{flex:0 0 50%;max-width:50%}.col-xl-7{flex:0 0 58.3333333333%;max-width:58.3333333333%}.col-xl-8{flex:0 0 66.6666666667%;max-width:66.6666666667%}.col-xl-9{flex:0 0 75%;max-width:75%}.col-xl-10{flex:0 0 83.3333333333%;max-width:83.3333333333%}.col-xl-11{flex:0 0 91.6666666667%;max-width:91.6666666667%}.col-xl-12{flex:0 0 100%;max-width:100%}.v-application--is-ltr .offset-xl-0{margin-left:0}.v-application--is-rtl .offset-xl-0{margin-right:0}.v-application--is-ltr .offset-xl-1{margin-left:8.3333333333%}.v-application--is-rtl .offset-xl-1{margin-right:8.3333333333%}.v-application--is-ltr .offset-xl-2{margin-left:16.6666666667%}.v-application--is-rtl .offset-xl-2{margin-right:16.6666666667%}.v-application--is-ltr .offset-xl-3{margin-left:25%}.v-application--is-rtl .offset-xl-3{margin-right:25%}.v-application--is-ltr .offset-xl-4{margin-left:33.3333333333%}.v-application--is-rtl .offset-xl-4{margin-right:33.3333333333%}.v-application--is-ltr .offset-xl-5{margin-left:41.6666666667%}.v-application--is-rtl .offset-xl-5{margin-right:41.6666666667%}.v-application--is-ltr .offset-xl-6{margin-left:50%}.v-application--is-rtl .offset-xl-6{margin-right:50%}.v-application--is-ltr .offset-xl-7{margin-left:58.3333333333%}.v-application--is-rtl .offset-xl-7{margin-right:58.3333333333%}.v-application--is-ltr .offset-xl-8{margin-left:66.6666666667%}.v-application--is-rtl .offset-xl-8{margin-right:66.6666666667%}.v-application--is-ltr .offset-xl-9{margin-left:75%}.v-application--is-rtl .offset-xl-9{margin-right:75%}.v-application--is-ltr .offset-xl-10{margin-left:83.3333333333%}.v-application--is-rtl .offset-xl-10{margin-right:83.3333333333%}.v-application--is-ltr .offset-xl-11{margin-left:91.6666666667%}.v-application--is-rtl .offset-xl-11{margin-right:91.6666666667%}}
.theme--light.v-input--switch .v-input--switch__thumb{color:#fff}.theme--light.v-input--switch .v-input--switch__track{color:rgba(0,0,0,.38)}.theme--light.v-input--switch.v-input--is-disabled:not(.v-input--is-dirty) .v-input--switch__thumb{color:#fafafa!important}.theme--light.v-input--switch.v-input--is-disabled:not(.v-input--is-dirty) .v-input--switch__track{color:rgba(0,0,0,.12)!important}.theme--dark.v-input--switch .v-input--switch__thumb{color:#bdbdbd}.theme--dark.v-input--switch .v-input--switch__track{color:hsla(0,0%,100%,.3)}.theme--dark.v-input--switch.v-input--is-disabled:not(.v-input--is-dirty) .v-input--switch__thumb{color:#424242!important}.theme--dark.v-input--switch.v-input--is-disabled:not(.v-input--is-dirty) .v-input--switch__track{color:hsla(0,0%,100%,.1)!important}.v-input--switch__thumb,.v-input--switch__track{background-color:currentColor;pointer-events:none;transition:inherit}.v-input--switch__track{border-radius:8px;height:14px;left:2px;opacity:.6;position:absolute;right:2px;top:calc(50% - 7px);width:36px}.v-input--switch__thumb{align-items:center;border-radius:50%;display:flex;height:20px;justify-content:center;position:relative;top:calc(50% - 10px);transition:.3s cubic-bezier(.25,.8,.5,1);width:20px}.v-input--switch .v-input--selection-controls__input{transition:opacity .3s cubic-bezier(.25,.8,.5,1);width:38px}.v-input--switch .v-input--selection-controls__ripple{top:calc(50% - 24px)}.v-input--switch.v-input--dense .v-input--switch__thumb{height:18px;width:18px}.v-input--switch.v-input--dense .v-input--switch__track{height:12px;width:32px}.v-input--switch.v-input--dense.v-input--switch--inset .v-input--switch__track{height:22px;left:-3px;top:calc(50% - 12px);width:44px}.v-input--switch.v-input--dense .v-input--selection-controls__ripple{top:calc(50% - 22px)}.v-input--switch.v-input--is-dirty.v-input--is-disabled .v-input--selection-controls__input{opacity:.6}.v-application--is-ltr .v-input--switch .v-input--selection-controls__ripple{left:-14px}.v-application--is-ltr .v-input--switch.v-input--dense .v-input--selection-controls__ripple{left:-12px}.v-application--is-ltr .v-input--switch.v-input--is-dirty .v-input--selection-controls__ripple,.v-application--is-ltr .v-input--switch.v-input--is-dirty .v-input--switch__thumb{transform:translate(20px)}.v-application--is-rtl .v-input--switch .v-input--selection-controls__ripple{right:-14px}.v-application--is-rtl .v-input--switch.v-input--dense .v-input--selection-controls__ripple{right:-12px}.v-application--is-rtl .v-input--switch.v-input--is-dirty .v-input--selection-controls__ripple,.v-application--is-rtl .v-input--switch.v-input--is-dirty .v-input--switch__thumb{transform:translate(-20px)}.v-input--switch:not(.v-input--switch--flat):not(.v-input--switch--inset) .v-input--switch__thumb{box-shadow:0 2px 4px -1px rgba(0,0,0,.2),0 4px 5px 0 rgba(0,0,0,.14),0 1px 10px 0 rgba(0,0,0,.12)}.v-input--switch--inset .v-input--selection-controls__input,.v-input--switch--inset .v-input--switch__track{width:48px}.v-input--switch--inset .v-input--switch__track{border-radius:14px;height:28px;left:-4px;opacity:.32;top:calc(50% - 14px)}.v-application--is-ltr .v-input--switch--inset .v-input--selection-controls__ripple,.v-application--is-ltr .v-input--switch--inset .v-input--switch__thumb{transform:translate(0)!important}.v-application--is-rtl .v-input--switch--inset .v-input--selection-controls__ripple,.v-application--is-rtl .v-input--switch--inset .v-input--switch__thumb{transform:translate(-6px)!important}.v-application--is-ltr .v-input--switch--inset.v-input--is-dirty .v-input--selection-controls__ripple,.v-application--is-ltr .v-input--switch--inset.v-input--is-dirty .v-input--switch__thumb{transform:translate(20px)!important}.v-application--is-rtl .v-input--switch--inset.v-input--is-dirty .v-input--selection-controls__ripple,.v-application--is-rtl .v-input--switch--inset.v-input--is-dirty .v-input--switch__thumb{transform:translate(-26px)!important}
.v-progress-circular{align-items:center;display:inline-flex;justify-content:center;position:relative;vertical-align:middle}.v-progress-circular>svg{bottom:0;height:100%;left:0;margin:auto;position:absolute;right:0;top:0;width:100%;z-index:0}.v-progress-circular--indeterminate>svg{animation:progress-circular-rotate 1.4s linear infinite;transform-origin:center center;transition:all .2s ease-in-out}.v-progress-circular--indeterminate .v-progress-circular__overlay{animation:progress-circular-dash 1.4s ease-in-out infinite;stroke-linecap:round;stroke-dasharray:80,200;stroke-dashoffset:0px}.v-progress-circular--indeterminate:not(.v-progress-circular--visible) .v-progress-circular__overlay,.v-progress-circular--indeterminate:not(.v-progress-circular--visible)>svg{animation-play-state:paused!important}.v-progress-circular__info{align-items:center;display:flex;justify-content:center}.v-progress-circular__underlay{stroke:hsla(0,0%,62%,.4);z-index:1}.v-progress-circular__overlay{stroke:currentColor;transition:all .6s ease-in-out;z-index:2}@keyframes progress-circular-dash{0%{stroke-dasharray:1,200;stroke-dashoffset:0px}50%{stroke-dasharray:100,200;stroke-dashoffset:-15px}to{stroke-dasharray:100,200;stroke-dashoffset:-124px}}@keyframes progress-circular-rotate{to{transform:rotate(1turn)}}
.v-dialog{border-radius:4px;box-shadow:0 11px 15px -7px rgba(0,0,0,.2),0 24px 38px 3px rgba(0,0,0,.14),0 9px 46px 8px rgba(0,0,0,.12);margin:24px;outline:none;overflow-y:auto;pointer-events:auto;transition:.3s cubic-bezier(.25,.8,.25,1);width:100%;z-index:inherit}.v-dialog:not(.v-dialog--fullscreen){max-height:90%}.v-dialog>*{width:100%}.v-dialog>.v-card>.v-card__title{font-size:1.25rem;font-weight:500;letter-spacing:.0125em;padding:16px 24px 10px}.v-dialog>.v-card>.v-card__subtitle,.v-dialog>.v-card>.v-card__text{padding:0 24px 20px}.v-dialog>.v-card>.v-card__actions{padding:8px 16px}.v-dialog__content{align-items:center;display:flex;height:100%;justify-content:center;left:0;pointer-events:none;position:fixed;top:0;transition:.2s cubic-bezier(.25,.8,.25,1),z-index 1ms;width:100%;z-index:6}.v-dialog__container{display:none}.v-dialog__container--attached{display:inline}.v-dialog--animated{animation-duration:.15s;animation-name:animate-dialog;animation-timing-function:cubic-bezier(.25,.8,.25,1)}.v-dialog--fullscreen{border-radius:0;height:100%;left:0;margin:0;overflow-y:auto;position:fixed;top:0}.v-dialog--fullscreen>.v-card{margin:0!important;min-height:100%;min-width:100%;padding:0!important}.v-dialog--scrollable,.v-dialog--scrollable>form{display:flex}.v-dialog--scrollable>.v-card,.v-dialog--scrollable>form>.v-card{display:flex;flex:1 1 100%;flex-direction:column;max-height:100%;max-width:100%}.v-dialog--scrollable>.v-card>.v-card__actions,.v-dialog--scrollable>.v-card>.v-card__title,.v-dialog--scrollable>form>.v-card>.v-card__actions,.v-dialog--scrollable>form>.v-card>.v-card__title{flex:0 0 auto}.v-dialog--scrollable>.v-card>.v-card__text,.v-dialog--scrollable>form>.v-card>.v-card__text{backface-visibility:hidden;flex:1 1 auto;overflow-y:auto}@keyframes animate-dialog{0%{transform:scale(1)}50%{transform:scale(1.03)}to{transform:scale(1)}}
.theme--light.v-overlay{color:rgba(0,0,0,.87)}.theme--dark.v-overlay{color:#fff}.v-overlay{align-items:center;border-radius:inherit;bottom:0;display:flex;justify-content:center;left:0;pointer-events:none;position:fixed;right:0;top:0;transition:.3s cubic-bezier(.25,.8,.5,1),z-index 1ms}.v-overlay__content{position:relative}.v-overlay__scrim{border-radius:inherit;bottom:0;height:100%;left:0;position:absolute;right:0;top:0;transition:inherit;width:100%;will-change:opacity}.v-overlay--absolute{position:absolute}.v-overlay--active{pointer-events:auto}
.theme--light.v-text-field>.v-input__control>.v-input__slot:before{border-color:rgba(0,0,0,.42)}.theme--light.v-text-field:not(.v-input--has-state):hover>.v-input__control>.v-input__slot:before{border-color:rgba(0,0,0,.87)}.theme--light.v-text-field.v-input--is-disabled .v-input__slot:before{-o-border-image:repeating-linear-gradient(90deg,rgba(0,0,0,.38) 0,rgba(0,0,0,.38) 2px,transparent 0,transparent 4px) 1 repeat;border-image:repeating-linear-gradient(90deg,rgba(0,0,0,.38) 0,rgba(0,0,0,.38) 2px,transparent 0,transparent 4px) 1 repeat}.theme--light.v-text-field--filled>.v-input__control>.v-input__slot{background:rgba(0,0,0,.06)}.theme--light.v-text-field--filled:not(.v-input--is-focused):not(.v-input--has-state)>.v-input__control>.v-input__slot:hover{background:rgba(0,0,0,.12)}.theme--light.v-text-field--solo>.v-input__control>.v-input__slot{background:#fff}.theme--light.v-text-field--solo-inverted>.v-input__control>.v-input__slot{background:rgba(0,0,0,.06)}.theme--light.v-text-field--solo-inverted.v-input--is-focused>.v-input__control>.v-input__slot{background:#424242}.theme--light.v-text-field--solo-inverted.v-input--is-focused>.v-input__control>.v-input__slot input{color:#fff}.theme--light.v-text-field--solo-inverted.v-input--is-focused>.v-input__control>.v-input__slot input::-moz-placeholder{color:hsla(0,0%,100%,.5)}.theme--light.v-text-field--solo-inverted.v-input--is-focused>.v-input__control>.v-input__slot input::placeholder{color:hsla(0,0%,100%,.5)}.theme--light.v-text-field--solo-inverted.v-input--is-focused>.v-input__control>.v-input__slot .v-label{color:hsla(0,0%,100%,.7)}.theme--light.v-text-field--outlined:not(.v-input--is-focused):not(.v-input--has-state)>.v-input__control>.v-input__slot fieldset{color:rgba(0,0,0,.38)}.theme--light.v-text-field--outlined:not(.v-input--is-focused):not(.v-input--has-state):not(.v-input--is-disabled)>.v-input__control>.v-input__slot:hover fieldset{color:rgba(0,0,0,.86)}.theme--light.v-text-field--outlined:not(.v-input--is-focused).v-input--is-disabled>.v-input__control>.v-input__slot fieldset{color:rgba(0,0,0,.26)}.theme--dark.v-text-field>.v-input__control>.v-input__slot:before{border-color:hsla(0,0%,100%,.7)}.theme--dark.v-text-field:not(.v-input--has-state):hover>.v-input__control>.v-input__slot:before{border-color:#fff}.theme--dark.v-text-field.v-input--is-disabled .v-input__slot:before{-o-border-image:repeating-linear-gradient(90deg,hsla(0,0%,100%,.5) 0,hsla(0,0%,100%,.5) 2px,transparent 0,transparent 4px) 1 repeat;border-image:repeating-linear-gradient(90deg,hsla(0,0%,100%,.5) 0,hsla(0,0%,100%,.5) 2px,transparent 0,transparent 4px) 1 repeat}.theme--dark.v-text-field--filled>.v-input__control>.v-input__slot{background:hsla(0,0%,100%,.08)}.theme--dark.v-text-field--filled:not(.v-input--is-focused):not(.v-input--has-state)>.v-input__control>.v-input__slot:hover{background:hsla(0,0%,100%,.16)}.theme--dark.v-text-field--solo>.v-input__control>.v-input__slot{background:#1e1e1e}.theme--dark.v-text-field--solo-inverted>.v-input__control>.v-input__slot{background:hsla(0,0%,100%,.16)}.theme--dark.v-text-field--solo-inverted.v-input--is-focused>.v-input__control>.v-input__slot{background:#fff}.theme--dark.v-text-field--solo-inverted.v-input--is-focused>.v-input__control>.v-input__slot input{color:rgba(0,0,0,.87)}.theme--dark.v-text-field--solo-inverted.v-input--is-focused>.v-input__control>.v-input__slot input::-moz-placeholder{color:rgba(0,0,0,.38)}.theme--dark.v-text-field--solo-inverted.v-input--is-focused>.v-input__control>.v-input__slot input::placeholder{color:rgba(0,0,0,.38)}.theme--dark.v-text-field--solo-inverted.v-input--is-focused>.v-input__control>.v-input__slot .v-label{color:rgba(0,0,0,.6)}.theme--dark.v-text-field--outlined:not(.v-input--is-focused):not(.v-input--has-state)>.v-input__control>.v-input__slot fieldset{color:hsla(0,0%,100%,.24)}.theme--dark.v-text-field--outlined:not(.v-input--is-focused):not(.v-input--has-state):not(.v-input--is-disabled)>.v-input__control>.v-input__slot:hover fieldset{color:#fff}.theme--dark.v-text-field--outlined:not(.v-input--is-focused).v-input--is-disabled>.v-input__control>.v-input__slot fieldset{color:hsla(0,0%,100%,.16)}.v-text-field{margin-top:4px;padding-top:12px}.v-text-field__prefix,.v-text-field__suffix{line-height:20px}.v-text-field input{flex:1 1 auto;line-height:20px;max-width:100%;min-width:0;padding:8px 0;width:100%}.v-text-field .v-input__control,.v-text-field .v-input__slot,.v-text-field fieldset{border-radius:inherit}.v-text-field .v-input__control,.v-text-field fieldset,.v-text-field.v-input--has-state .v-input__control>.v-text-field__details>.v-counter,.v-text-field.v-input--is-disabled .v-input__control>.v-text-field__details>.v-counter,.v-text-field.v-input--is-disabled .v-input__control>.v-text-field__details>.v-messages{color:currentColor}.v-text-field.v-input--dense{padding-top:0}.v-text-field.v-input--dense .v-label{top:4px}.v-text-field.v-input--dense:not(.v-text-field--outlined) .v-text-field__prefix,.v-text-field.v-input--dense:not(.v-text-field--outlined) .v-text-field__suffix,.v-text-field.v-input--dense:not(.v-text-field--outlined) input{padding:4px 0 2px}.v-text-field.v-input--dense:not(.v-text-field--outlined) .v-text-field__prefix{padding-right:4px}.v-text-field.v-input--dense:not(.v-text-field--outlined) .v-text-field__suffix{padding-left:4px}.v-text-field.v-input--dense[type=text]::-ms-clear{display:none}.v-text-field.v-input--dense .v-input__append-inner,.v-text-field.v-input--dense .v-input__prepend-inner{margin-top:0}.v-text-field .v-input__append-inner,.v-text-field .v-input__prepend-inner{align-self:flex-start;display:inline-flex;line-height:1;margin-top:4px;-webkit-user-select:none;-moz-user-select:none;user-select:none}.v-application--is-ltr .v-text-field .v-input__prepend-inner{margin-right:auto;padding-right:4px}.v-application--is-ltr .v-text-field .v-input__append-inner,.v-application--is-rtl .v-text-field .v-input__prepend-inner{margin-left:auto;padding-left:4px}.v-application--is-rtl .v-text-field .v-input__append-inner{margin-right:auto;padding-right:4px}.v-text-field .v-counter{white-space:nowrap}.v-application--is-ltr .v-text-field .v-counter{margin-left:8px}.v-application--is-rtl .v-text-field .v-counter{margin-right:8px}.v-text-field .v-label{max-width:90%;overflow:hidden;pointer-events:none;text-overflow:ellipsis;top:6px;white-space:nowrap}.v-application--is-ltr .v-text-field .v-label{transform-origin:top left}.v-application--is-rtl .v-text-field .v-label{transform-origin:top right}.v-text-field .v-label--active{max-width:133%;pointer-events:auto;transform:translateY(-18px) scale(.75)}.v-text-field>.v-input__control>.v-input__slot{cursor:text}.v-text-field>.v-input__control>.v-input__slot:after,.v-text-field>.v-input__control>.v-input__slot:before{bottom:-1px;content:"";left:0;position:absolute;transition:.3s cubic-bezier(.25,.8,.5,1);width:100%}.v-text-field>.v-input__control>.v-input__slot:before{border-color:inherit;border-style:solid;border-width:thin 0 0}.v-text-field>.v-input__control>.v-input__slot:after{background-color:currentColor;border-color:currentcolor;border-style:solid;border-width:thin 0;transform:scaleX(0)}.v-text-field__details{display:flex;flex:1 0 auto;max-width:100%;min-height:14px;overflow:hidden}.v-text-field__prefix,.v-text-field__suffix{align-self:center;cursor:default;transition:color .3s cubic-bezier(.25,.8,.5,1);white-space:nowrap}.v-application--is-ltr .v-text-field__prefix{padding-right:4px;text-align:right}.v-application--is-rtl .v-text-field__prefix{padding-left:4px;text-align:left}.v-text-field__suffix{white-space:nowrap}.v-application--is-ltr .v-text-field__suffix{padding-left:4px}.v-application--is-rtl .v-text-field__suffix{padding-right:4px}.v-application--is-ltr .v-text-field--reverse .v-text-field__prefix{padding-left:4px;padding-right:0;text-align:left}.v-application--is-rtl .v-text-field--reverse .v-text-field__prefix{padding-left:0;padding-right:4px;text-align:right}.v-application--is-ltr .v-text-field--reverse .v-text-field__suffix{padding-left:0;padding-right:4px}.v-application--is-rtl .v-text-field--reverse .v-text-field__suffix{padding-left:4px;padding-right:0}.v-text-field>.v-input__control>.v-input__slot>.v-text-field__slot{display:flex;flex:1 1 auto;position:relative}.v-text-field:not(.v-text-field--is-booted) .v-label,.v-text-field:not(.v-text-field--is-booted) legend{transition:none}.v-text-field--filled,.v-text-field--full-width,.v-text-field--outlined{position:relative}.v-text-field--filled>.v-input__control>.v-input__slot,.v-text-field--full-width>.v-input__control>.v-input__slot,.v-text-field--outlined>.v-input__control>.v-input__slot{align-items:stretch;min-height:56px}.v-text-field--filled.v-input--dense>.v-input__control>.v-input__slot,.v-text-field--full-width.v-input--dense>.v-input__control>.v-input__slot,.v-text-field--outlined.v-input--dense>.v-input__control>.v-input__slot{min-height:52px}.v-text-field--filled.v-input--dense.v-text-field--outlined.v-text-field--filled>.v-input__control>.v-input__slot,.v-text-field--filled.v-input--dense.v-text-field--outlined>.v-input__control>.v-input__slot,.v-text-field--filled.v-input--dense.v-text-field--single-line>.v-input__control>.v-input__slot,.v-text-field--full-width.v-input--dense.v-text-field--outlined.v-text-field--filled>.v-input__control>.v-input__slot,.v-text-field--full-width.v-input--dense.v-text-field--outlined>.v-input__control>.v-input__slot,.v-text-field--full-width.v-input--dense.v-text-field--single-line>.v-input__control>.v-input__slot,.v-text-field--outlined.v-input--dense.v-text-field--outlined.v-text-field--filled>.v-input__control>.v-input__slot,.v-text-field--outlined.v-input--dense.v-text-field--outlined>.v-input__control>.v-input__slot,.v-text-field--outlined.v-input--dense.v-text-field--single-line>.v-input__control>.v-input__slot{min-height:40px}.v-text-field--outlined{border-radius:4px}.v-text-field--enclosed .v-input__append-inner,.v-text-field--enclosed .v-input__append-outer,.v-text-field--enclosed .v-input__prepend-inner,.v-text-field--enclosed .v-input__prepend-outer,.v-text-field--full-width .v-input__append-inner,.v-text-field--full-width .v-input__append-outer,.v-text-field--full-width .v-input__prepend-inner,.v-text-field--full-width .v-input__prepend-outer{margin-top:17px}.v-text-field--enclosed.v-input--dense:not(.v-text-field--solo) .v-input__append-inner,.v-text-field--enclosed.v-input--dense:not(.v-text-field--solo) .v-input__append-outer,.v-text-field--enclosed.v-input--dense:not(.v-text-field--solo) .v-input__prepend-inner,.v-text-field--enclosed.v-input--dense:not(.v-text-field--solo) .v-input__prepend-outer,.v-text-field--full-width.v-input--dense:not(.v-text-field--solo) .v-input__append-inner,.v-text-field--full-width.v-input--dense:not(.v-text-field--solo) .v-input__append-outer,.v-text-field--full-width.v-input--dense:not(.v-text-field--solo) .v-input__prepend-inner,.v-text-field--full-width.v-input--dense:not(.v-text-field--solo) .v-input__prepend-outer{margin-top:14px}.v-text-field--enclosed.v-input--dense:not(.v-text-field--solo).v-text-field--single-line .v-input__append-inner,.v-text-field--enclosed.v-input--dense:not(.v-text-field--solo).v-text-field--single-line .v-input__append-outer,.v-text-field--enclosed.v-input--dense:not(.v-text-field--solo).v-text-field--single-line .v-input__prepend-inner,.v-text-field--enclosed.v-input--dense:not(.v-text-field--solo).v-text-field--single-line .v-input__prepend-outer,.v-text-field--full-width.v-input--dense:not(.v-text-field--solo).v-text-field--single-line .v-input__append-inner,.v-text-field--full-width.v-input--dense:not(.v-text-field--solo).v-text-field--single-line .v-input__append-outer,.v-text-field--full-width.v-input--dense:not(.v-text-field--solo).v-text-field--single-line .v-input__prepend-inner,.v-text-field--full-width.v-input--dense:not(.v-text-field--solo).v-text-field--single-line .v-input__prepend-outer{margin-top:9px}.v-text-field--enclosed.v-input--dense:not(.v-text-field--solo).v-text-field--outlined .v-input__append-inner,.v-text-field--enclosed.v-input--dense:not(.v-text-field--solo).v-text-field--outlined .v-input__append-outer,.v-text-field--enclosed.v-input--dense:not(.v-text-field--solo).v-text-field--outlined .v-input__prepend-inner,.v-text-field--enclosed.v-input--dense:not(.v-text-field--solo).v-text-field--outlined .v-input__prepend-outer,.v-text-field--full-width.v-input--dense:not(.v-text-field--solo).v-text-field--outlined .v-input__append-inner,.v-text-field--full-width.v-input--dense:not(.v-text-field--solo).v-text-field--outlined .v-input__append-outer,.v-text-field--full-width.v-input--dense:not(.v-text-field--solo).v-text-field--outlined .v-input__prepend-inner,.v-text-field--full-width.v-input--dense:not(.v-text-field--solo).v-text-field--outlined .v-input__prepend-outer{margin-top:8px}.v-text-field--filled .v-label,.v-text-field--full-width .v-label{top:18px}.v-text-field--filled .v-label--active,.v-text-field--full-width .v-label--active{transform:translateY(-6px) scale(.75)}.v-text-field--filled.v-input--dense .v-label,.v-text-field--full-width.v-input--dense .v-label{top:17px}.v-text-field--filled.v-input--dense .v-label--active,.v-text-field--full-width.v-input--dense .v-label--active{transform:translateY(-10px) scale(.75)}.v-text-field--filled.v-input--dense.v-text-field--single-line .v-label,.v-text-field--full-width.v-input--dense.v-text-field--single-line .v-label{top:11px}.v-text-field--filled{border-radius:4px 4px 0 0}.v-text-field--filled:not(.v-text-field--single-line) input{margin-top:22px}.v-text-field--filled.v-input--dense:not(.v-text-field--single-line).v-text-field--outlined input{margin-top:0}.v-text-field--filled .v-text-field__prefix,.v-text-field--filled .v-text-field__suffix{margin-top:20px;max-height:32px}.v-text-field--full-width{border-radius:0}.v-text-field--outlined .v-text-field__slot,.v-text-field--single-line .v-text-field__slot{align-items:center}.v-text-field.v-text-field--enclosed{margin:0;padding:0}.v-text-field.v-text-field--enclosed.v-text-field--single-line .v-text-field__prefix,.v-text-field.v-text-field--enclosed.v-text-field--single-line .v-text-field__suffix{margin-top:0}.v-text-field.v-text-field--enclosed:not(.v-text-field--filled) .v-progress-linear__background{display:none}.v-text-field.v-text-field--enclosed .v-text-field__details,.v-text-field.v-text-field--enclosed:not(.v-text-field--rounded)>.v-input__control>.v-input__slot{padding:0 12px}.v-text-field.v-text-field--enclosed .v-text-field__details{margin-bottom:8px;padding-top:0}.v-application--is-ltr .v-text-field--reverse input,.v-application--is-ltr .v-text-field--reverse textarea{text-align:right}.v-application--is-rtl .v-text-field--reverse input,.v-application--is-rtl .v-text-field--reverse textarea{text-align:left}.v-application--is-ltr .v-text-field--reverse .v-label{transform-origin:top right}.v-application--is-rtl .v-text-field--reverse .v-label{transform-origin:top left}.v-text-field--reverse .v-text-field__slot,.v-text-field--reverse>.v-input__control>.v-input__slot{flex-direction:row-reverse}.v-text-field--outlined>.v-input__control>.v-input__slot:after,.v-text-field--outlined>.v-input__control>.v-input__slot:before,.v-text-field--rounded>.v-input__control>.v-input__slot:after,.v-text-field--rounded>.v-input__control>.v-input__slot:before,.v-text-field--solo>.v-input__control>.v-input__slot:after,.v-text-field--solo>.v-input__control>.v-input__slot:before{display:none}.v-text-field--outlined,.v-text-field--solo{border-radius:4px}.v-text-field--outlined{margin-bottom:16px;transition:border .3s cubic-bezier(.25,.8,.5,1)}.v-text-field--outlined .v-label{top:18px}.v-text-field--outlined .v-label--active{transform:translateY(-24px) scale(.75)}.v-text-field--outlined.v-input--dense .v-label{top:10px}.v-text-field--outlined.v-input--dense .v-label--active{transform:translateY(-16px) scale(.75)}.v-text-field--outlined fieldset{border:1px solid;border-collapse:collapse;bottom:0;left:0;pointer-events:none;position:absolute;right:0;top:-5px;transition-duration:.15s;transition-property:color;transition-timing-function:cubic-bezier(.25,.8,.25,1)}.v-application--is-ltr .v-text-field--outlined fieldset{padding-left:8px}.v-application--is-ltr .v-text-field--outlined.v-text-field--reverse fieldset,.v-application--is-rtl .v-text-field--outlined fieldset{padding-right:8px}.v-application--is-rtl .v-text-field--outlined.v-text-field--reverse fieldset{padding-left:8px}.v-text-field--outlined legend{line-height:11px;padding:0;transition:width .3s cubic-bezier(.25,.8,.5,1)}.v-application--is-ltr .v-text-field--outlined legend{text-align:left}.v-application--is-rtl .v-text-field--outlined legend{text-align:right}.v-application--is-ltr .v-text-field--outlined.v-text-field--reverse legend{margin-left:auto}.v-application--is-rtl .v-text-field--outlined.v-text-field--reverse legend{margin-right:auto}.v-application--is-ltr .v-text-field--outlined.v-text-field--rounded legend{margin-left:12px}.v-application--is-rtl .v-text-field--outlined.v-text-field--rounded legend{margin-right:12px}.v-text-field--outlined>.v-input__control>.v-input__slot{background:transparent}.v-text-field--outlined .v-text-field__prefix{max-height:32px}.v-text-field--outlined .v-input__append-outer,.v-text-field--outlined .v-input__prepend-outer{margin-top:18px}.v-text-field--outlined.v-input--has-state fieldset,.v-text-field--outlined.v-input--is-focused fieldset{border:2px solid}.v-text-field--rounded{border-radius:28px}.v-text-field--rounded>.v-input__control>.v-input__slot{padding:0 24px}.v-text-field--shaped{border-radius:16px 16px 0 0}.v-text-field.v-text-field--solo .v-label{top:calc(50% - 9px)}.v-text-field.v-text-field--solo .v-input__control{min-height:48px;padding:0}.v-text-field.v-text-field--solo .v-input__control input{caret-color:auto}.v-text-field.v-text-field--solo.v-input--dense>.v-input__control{min-height:38px}.v-text-field.v-text-field--solo:not(.v-text-field--solo-flat)>.v-input__control>.v-input__slot{box-shadow:0 3px 1px -2px rgba(0,0,0,.2),0 2px 2px 0 rgba(0,0,0,.14),0 1px 5px 0 rgba(0,0,0,.12)}.v-text-field.v-text-field--solo .v-input__append-inner,.v-text-field.v-text-field--solo .v-input__prepend-inner{align-self:center;margin-top:0}.v-text-field.v-text-field--solo .v-input__append-outer,.v-text-field.v-text-field--solo .v-input__prepend-outer{margin-top:12px}.v-text-field.v-text-field--solo.v-input--dense .v-input__append-outer,.v-text-field.v-text-field--solo.v-input--dense .v-input__prepend-outer{margin-top:7px}.v-text-field.v-input--is-focused>.v-input__control>.v-input__slot:after{transform:scaleX(1)}.v-text-field.v-input--has-state>.v-input__control>.v-input__slot:before{border-color:currentColor}.v-text-field .v-input__icon--clear{opacity:0;transition:opacity .3s cubic-bezier(.25,.8,.5,1)}.v-text-field.v-input--is-dirty:hover .v-input__icon--clear,.v-text-field.v-input--is-focused .v-input__icon--clear{opacity:1}
.theme--light.v-counter{color:rgba(0,0,0,.6)}.theme--dark.v-counter{color:hsla(0,0%,100%,.7)}.v-counter{flex:0 1 auto;font-size:12px;line-height:12px;min-height:12px}
.theme--light.v-progress-linear{color:rgba(0,0,0,.87)}.theme--dark.v-progress-linear{color:#fff}.v-progress-linear{background:transparent;overflow:hidden;position:relative;transition:.2s cubic-bezier(.4,0,.6,1);width:100%}.v-progress-linear__buffer{height:inherit;left:0;position:absolute;top:0;transition:inherit;width:100%}.v-progress-linear--reverse .v-progress-linear__buffer{left:auto;right:0}.v-progress-linear__background{bottom:0;left:0;position:absolute;top:0;transition:inherit}.v-progress-linear--reverse .v-progress-linear__background{left:auto;right:0}.v-progress-linear__content{align-items:center;display:flex;height:100%;justify-content:center;left:0;position:absolute;top:0;width:100%}.v-progress-linear--reverse .v-progress-linear__content{left:auto;right:0}.v-progress-linear__determinate{height:inherit;left:0;position:absolute;transition:inherit}.v-progress-linear--reverse .v-progress-linear__determinate{left:auto;right:0}.v-progress-linear .v-progress-linear__indeterminate .long,.v-progress-linear .v-progress-linear__indeterminate .short{animation-play-state:paused;background-color:inherit;bottom:0;height:inherit;left:0;position:absolute;right:auto;top:0;width:auto;will-change:left,right}.v-progress-linear .v-progress-linear__indeterminate--active .long{animation-duration:2.2s;animation-iteration-count:infinite;animation-name:indeterminate-ltr}.v-progress-linear .v-progress-linear__indeterminate--active .short{animation-duration:2.2s;animation-iteration-count:infinite;animation-name:indeterminate-short-ltr}.v-progress-linear--reverse .v-progress-linear__indeterminate .long,.v-progress-linear--reverse .v-progress-linear__indeterminate .short{left:auto;right:0}.v-progress-linear--reverse .v-progress-linear__indeterminate--active .long{animation-name:indeterminate-rtl}.v-progress-linear--reverse .v-progress-linear__indeterminate--active .short{animation-name:indeterminate-short-rtl}.v-progress-linear__stream{animation:stream-ltr .25s linear infinite;animation-play-state:paused;border-color:currentColor;border-top:4px dotted;bottom:0;left:auto;opacity:.3;pointer-events:none;position:absolute;right:-8px;top:calc(50% - 2px);transition:inherit}.v-progress-linear--reverse .v-progress-linear__stream{animation:stream-rtl .25s linear infinite;left:-8px;right:auto}.v-progress-linear__wrapper{overflow:hidden;position:relative;transition:inherit}.v-progress-linear--absolute,.v-progress-linear--fixed{left:0;z-index:1}.v-progress-linear--absolute{position:absolute}.v-progress-linear--fixed{position:fixed}.v-progress-linear--reactive .v-progress-linear__content{pointer-events:none}.v-progress-linear--rounded{border-radius:4px}.v-progress-linear--striped .v-progress-linear__determinate{background-image:linear-gradient(135deg,hsla(0,0%,100%,.25) 25%,transparent 0,transparent 50%,hsla(0,0%,100%,.25) 0,hsla(0,0%,100%,.25) 75%,transparent 0,transparent);background-repeat:repeat;background-size:40px 40px}.v-progress-linear--query .v-progress-linear__indeterminate--active .long{animation-duration:2s;animation-iteration-count:infinite;animation-name:query-ltr}.v-progress-linear--query .v-progress-linear__indeterminate--active .short{animation-duration:2s;animation-iteration-count:infinite;animation-name:query-short-ltr}.v-progress-linear--query.v-progress-linear--reverse .v-progress-linear__indeterminate--active .long{animation-name:query-rtl}.v-progress-linear--query.v-progress-linear--reverse .v-progress-linear__indeterminate--active .short{animation-name:query-short-rtl}.v-progress-linear--visible .v-progress-linear__indeterminate--active .long,.v-progress-linear--visible .v-progress-linear__indeterminate--active .short,.v-progress-linear--visible .v-progress-linear__stream{animation-play-state:running}@keyframes indeterminate-ltr{0%{left:-90%;right:100%}60%{left:-90%;right:100%}to{left:100%;right:-35%}}@keyframes indeterminate-rtl{0%{left:100%;right:-90%}60%{left:100%;right:-90%}to{left:-35%;right:100%}}@keyframes indeterminate-short-ltr{0%{left:-200%;right:100%}60%{left:107%;right:-8%}to{left:107%;right:-8%}}@keyframes indeterminate-short-rtl{0%{left:100%;right:-200%}60%{left:-8%;right:107%}to{left:-8%;right:107%}}@keyframes query-ltr{0%{left:100%;right:-90%}60%{left:100%;right:-90%}to{left:-35%;right:100%}}@keyframes query-rtl{0%{left:-90%;right:100%}60%{left:-90%;right:100%}to{left:100%;right:-35%}}@keyframes query-short-ltr{0%{left:100%;right:-200%}60%{left:-8%;right:107%}to{left:-8%;right:107%}}@keyframes query-short-rtl{0%{left:-200%;right:100%}60%{left:107%;right:-8%}to{left:107%;right:-8%}}@keyframes stream-ltr{to{transform:translateX(-8px)}}@keyframes stream-rtl{to{transform:translateX(8px)}}
.v-btn:not(.v-btn--outlined).accent,.v-btn:not(.v-btn--outlined).error,.v-btn:not(.v-btn--outlined).info,.v-btn:not(.v-btn--outlined).primary,.v-btn:not(.v-btn--outlined).secondary,.v-btn:not(.v-btn--outlined).success,.v-btn:not(.v-btn--outlined).warning{color:#fff}.theme--light.v-btn{color:rgba(0,0,0,.87)}.theme--light.v-btn.v-btn--disabled,.theme--light.v-btn.v-btn--disabled .v-btn__loading,.theme--light.v-btn.v-btn--disabled .v-icon{color:rgba(0,0,0,.26)!important}.theme--light.v-btn.v-btn--disabled.v-btn--has-bg{background-color:rgba(0,0,0,.12)!important}.theme--light.v-btn.v-btn--has-bg{background-color:#f5f5f5}.theme--light.v-btn.v-btn--outlined.v-btn--text{border-color:rgba(0,0,0,.12)}.theme--light.v-btn.v-btn--icon{color:rgba(0,0,0,.54)}.theme--light.v-btn:hover:before{opacity:.08}.theme--light.v-btn:focus:before{opacity:.24}.theme--light.v-btn--active:before,.theme--light.v-btn--active:hover:before{opacity:.18}.theme--light.v-btn--active:focus:before{opacity:.16}.theme--dark.v-btn{color:#fff}.theme--dark.v-btn.v-btn--disabled,.theme--dark.v-btn.v-btn--disabled .v-btn__loading,.theme--dark.v-btn.v-btn--disabled .v-icon{color:hsla(0,0%,100%,.3)!important}.theme--dark.v-btn.v-btn--disabled.v-btn--has-bg{background-color:hsla(0,0%,100%,.12)!important}.theme--dark.v-btn.v-btn--has-bg{background-color:#272727}.theme--dark.v-btn.v-btn--outlined.v-btn--text{border-color:hsla(0,0%,100%,.12)}.theme--dark.v-btn.v-btn--icon{color:#fff}.theme--dark.v-btn:hover:before{opacity:.08}.theme--dark.v-btn:focus:before{opacity:.24}.theme--dark.v-btn--active:before,.theme--dark.v-btn--active:hover:before{opacity:.18}.theme--dark.v-btn--active:focus:before{opacity:.32}.v-btn{align-items:center;border-radius:4px;display:inline-flex;flex:0 0 auto;font-weight:500;justify-content:center;letter-spacing:.0892857143em;outline:0;position:relative;-webkit-text-decoration:none;text-decoration:none;text-indent:.0892857143em;text-transform:uppercase;transition-duration:.28s;transition-property:box-shadow,transform,opacity;transition-timing-function:cubic-bezier(.4,0,.2,1);-webkit-user-select:none;-moz-user-select:none;user-select:none;vertical-align:middle;white-space:nowrap}.v-btn.v-size--x-small{font-size:.625rem}.v-btn.v-size--small{font-size:.75rem}.v-btn.v-size--default,.v-btn.v-size--large{font-size:.875rem}.v-btn.v-size--x-large{font-size:1rem}.v-btn:before{background-color:currentColor;border-radius:inherit;bottom:0;color:inherit;content:"";left:0;opacity:0;pointer-events:none;position:absolute;right:0;top:0;transition:opacity .2s cubic-bezier(.4,0,.6,1)}.v-btn:not(.v-btn--round).v-size--x-small{height:20px;min-width:36px;padding:0 8.8888888889px}.v-btn:not(.v-btn--round).v-size--small{height:28px;min-width:50px;padding:0 12.4444444444px}.v-btn:not(.v-btn--round).v-size--default{height:36px;min-width:64px;padding:0 16px}.v-btn:not(.v-btn--round).v-size--large{height:44px;min-width:78px;padding:0 19.5555555556px}.v-btn:not(.v-btn--round).v-size--x-large{height:52px;min-width:92px;padding:0 23.1111111111px}.v-btn>.v-btn__content .v-icon{color:inherit}.v-btn__content{align-items:center;color:inherit;display:flex;flex:1 0 auto;justify-content:inherit;line-height:normal;position:relative;transition:inherit;transition-property:opacity}.v-btn__content .v-icon.v-icon--left,.v-btn__content .v-icon.v-icon--right{font-size:18px;height:18px;width:18px}.v-application--is-ltr .v-btn__content .v-icon--left{margin-left:-4px;margin-right:8px}.v-application--is-ltr .v-btn__content .v-icon--right,.v-application--is-rtl .v-btn__content .v-icon--left{margin-left:8px;margin-right:-4px}.v-application--is-rtl .v-btn__content .v-icon--right{margin-left:-4px;margin-right:8px}.v-btn__loader{align-items:center;display:flex;height:100%;justify-content:center;left:0;position:absolute;top:0;width:100%}.v-btn--absolute.v-btn--right,.v-btn--fixed.v-btn--right{right:16px}.v-btn--absolute.v-btn--left,.v-btn--fixed.v-btn--left{left:16px}.v-btn--absolute.v-btn--top,.v-btn--fixed.v-btn--top{top:16px}.v-btn--absolute.v-btn--bottom,.v-btn--fixed.v-btn--bottom{bottom:16px}.v-btn--absolute{position:absolute}.v-btn--fixed{position:fixed}.v-btn--block{display:flex;flex:1 0 auto;max-width:none;min-width:100%!important}.v-btn--is-elevated{box-shadow:0 3px 1px -2px rgba(0,0,0,.2),0 2px 2px 0 rgba(0,0,0,.14),0 1px 5px 0 rgba(0,0,0,.12)}.v-btn--is-elevated:after{box-shadow:0 2px 4px -1px rgba(0,0,0,.2),0 4px 5px 0 rgba(0,0,0,.14),0 1px 10px 0 rgba(0,0,0,.12)}.v-btn--is-elevated:active{box-shadow:0 5px 5px -3px rgba(0,0,0,.2),0 8px 10px 1px rgba(0,0,0,.14),0 3px 14px 2px rgba(0,0,0,.12)}.v-btn--is-elevated.v-btn--fab{box-shadow:0 3px 5px -1px rgba(0,0,0,.2),0 6px 10px 0 rgba(0,0,0,.14),0 1px 18px 0 rgba(0,0,0,.12)}.v-btn--is-elevated.v-btn--fab:after{box-shadow:0 5px 5px -3px rgba(0,0,0,.2),0 8px 10px 1px rgba(0,0,0,.14),0 3px 14px 2px rgba(0,0,0,.12)}.v-btn--is-elevated.v-btn--fab:active{box-shadow:0 7px 8px -4px rgba(0,0,0,.2),0 12px 17px 2px rgba(0,0,0,.14),0 5px 22px 4px rgba(0,0,0,.12)}.v-btn--disabled{pointer-events:none}.v-btn--fab,.v-btn--icon{min-height:0;min-width:0;padding:0}.v-btn--fab.v-size--x-small .v-icon,.v-btn--icon.v-size--x-small .v-icon{font-size:18px;height:18px;width:18px}.v-btn--fab.v-size--default .v-icon,.v-btn--fab.v-size--small .v-icon,.v-btn--icon.v-size--default .v-icon,.v-btn--icon.v-size--small .v-icon{font-size:24px;height:24px;width:24px}.v-btn--fab.v-size--large .v-icon,.v-btn--icon.v-size--large .v-icon{font-size:28px;height:28px;width:28px}.v-btn--fab.v-size--x-large .v-icon,.v-btn--icon.v-size--x-large .v-icon{font-size:32px;height:32px;width:32px}.v-btn--icon.v-size--x-small{height:20px;width:20px}.v-btn--icon.v-size--small{height:28px;width:28px}.v-btn--icon.v-size--default{height:36px;width:36px}.v-btn--icon.v-size--large{height:44px;width:44px}.v-btn--icon.v-size--x-large{height:52px;width:52px}.v-btn--fab.v-btn--absolute,.v-btn--fab.v-btn--fixed{z-index:4}.v-btn--fab.v-size--x-small{height:32px;width:32px}.v-btn--fab.v-size--x-small.v-btn--absolute.v-btn--bottom{bottom:-16px}.v-btn--fab.v-size--x-small.v-btn--absolute.v-btn--top{top:-16px}.v-btn--fab.v-size--small{height:40px;width:40px}.v-btn--fab.v-size--small.v-btn--absolute.v-btn--bottom{bottom:-20px}.v-btn--fab.v-size--small.v-btn--absolute.v-btn--top{top:-20px}.v-btn--fab.v-size--default{height:56px;width:56px}.v-btn--fab.v-size--default.v-btn--absolute.v-btn--bottom{bottom:-28px}.v-btn--fab.v-size--default.v-btn--absolute.v-btn--top{top:-28px}.v-btn--fab.v-size--large{height:64px;width:64px}.v-btn--fab.v-size--large.v-btn--absolute.v-btn--bottom{bottom:-32px}.v-btn--fab.v-size--large.v-btn--absolute.v-btn--top{top:-32px}.v-btn--fab.v-size--x-large{height:72px;width:72px}.v-btn--fab.v-size--x-large.v-btn--absolute.v-btn--bottom{bottom:-36px}.v-btn--fab.v-size--x-large.v-btn--absolute.v-btn--top{top:-36px}.v-btn--loading{pointer-events:none;transition:none}.v-btn--loading .v-btn__content{opacity:0}.v-btn--outlined{border:thin solid}.v-btn--plain:before{display:none}.v-btn--plain:not(.v-btn--active):not(.v-btn--loading):not(:focus):not(:hover) .v-btn__content{opacity:.62}.v-btn--round{border-radius:50%}.v-btn--rounded{border-radius:28px}.v-btn--tile{border-radius:0}
.theme--light.v-sheet{background-color:#fff;border-color:#fff;color:rgba(0,0,0,.87)}.theme--light.v-sheet--outlined{border:thin solid rgba(0,0,0,.12)}.theme--dark.v-sheet{background-color:#1e1e1e;border-color:#1e1e1e;color:#fff}.theme--dark.v-sheet--outlined{border:thin solid hsla(0,0%,100%,.12)}.v-sheet{border-radius:0}.v-sheet:not(.v-sheet--outlined){box-shadow:0 0 0 0 rgba(0,0,0,.2),0 0 0 0 rgba(0,0,0,.14),0 0 0 0 rgba(0,0,0,.12)}.v-sheet.v-sheet--shaped{border-radius:16px 0}
.swiper-container{list-style:none;margin-left:auto;margin-right:auto;overflow:hidden;padding:0;position:relative;z-index:1}.swiper-container-no-flexbox .swiper-slide{float:left}.swiper-container-vertical>.swiper-wrapper{flex-direction:column}.swiper-wrapper{box-sizing:content-box;display:flex;height:100%;position:relative;transition-property:transform;width:100%;z-index:1}.swiper-container-android .swiper-slide,.swiper-wrapper{transform:translateZ(0)}.swiper-container-multirow>.swiper-wrapper{flex-wrap:wrap}.swiper-container-free-mode>.swiper-wrapper{margin:0 auto;transition-timing-function:ease-out}.swiper-slide{flex-shrink:0;height:100%;position:relative;transition-property:transform;width:100%}.swiper-slide-invisible-blank{visibility:hidden}.swiper-container-autoheight,.swiper-container-autoheight .swiper-slide{height:auto}.swiper-container-autoheight .swiper-wrapper{align-items:flex-start;transition-property:transform,height}.swiper-container-3d{perspective:1200px}.swiper-container-3d .swiper-cube-shadow,.swiper-container-3d .swiper-slide,.swiper-container-3d .swiper-slide-shadow-bottom,.swiper-container-3d .swiper-slide-shadow-left,.swiper-container-3d .swiper-slide-shadow-right,.swiper-container-3d .swiper-slide-shadow-top,.swiper-container-3d .swiper-wrapper{transform-style:preserve-3d}.swiper-container-3d .swiper-slide-shadow-bottom,.swiper-container-3d .swiper-slide-shadow-left,.swiper-container-3d .swiper-slide-shadow-right,.swiper-container-3d .swiper-slide-shadow-top{height:100%;left:0;pointer-events:none;position:absolute;top:0;width:100%;z-index:10}.swiper-container-3d .swiper-slide-shadow-left{background-image:linear-gradient(270deg,rgba(0,0,0,.5),transparent)}.swiper-container-3d .swiper-slide-shadow-right{background-image:linear-gradient(90deg,rgba(0,0,0,.5),transparent)}.swiper-container-3d .swiper-slide-shadow-top{background-image:linear-gradient(0deg,rgba(0,0,0,.5),transparent)}.swiper-container-3d .swiper-slide-shadow-bottom{background-image:linear-gradient(180deg,rgba(0,0,0,.5),transparent)}.swiper-container-wp8-horizontal,.swiper-container-wp8-horizontal>.swiper-wrapper{touch-action:pan-y}.swiper-container-wp8-vertical,.swiper-container-wp8-vertical>.swiper-wrapper{touch-action:pan-x}.swiper-button-next,.swiper-button-prev{background-position:50%;background-repeat:no-repeat;background-size:27px 44px;cursor:pointer;height:44px;margin-top:-22px;position:absolute;top:50%;width:27px;z-index:10}.swiper-button-next.swiper-button-disabled,.swiper-button-prev.swiper-button-disabled{cursor:auto;opacity:.35;pointer-events:none}.swiper-button-prev,.swiper-container-rtl .swiper-button-next{background-image:url("data:image/svg+xml;charset=utf-8,%3Csvg xmlns='http://www.w3.org/2000/svg' viewBox='0 0 27 44'%3E%3Cpath fill='%23007aff' d='M0 22 22 0l2.1 2.1L4.2 22l19.9 19.9L22 44z'/%3E%3C/svg%3E");left:10px;right:auto}.swiper-button-next,.swiper-container-rtl .swiper-button-prev{background-image:url("data:image/svg+xml;charset=utf-8,%3Csvg xmlns='http://www.w3.org/2000/svg' viewBox='0 0 27 44'%3E%3Cpath fill='%23007aff' d='M27 22 5 44l-2.1-2.1L22.8 22 2.9 2.1 5 0z'/%3E%3C/svg%3E");left:auto;right:10px}.swiper-button-prev.swiper-button-white,.swiper-container-rtl .swiper-button-next.swiper-button-white{background-image:url("data:image/svg+xml;charset=utf-8,%3Csvg xmlns='http://www.w3.org/2000/svg' viewBox='0 0 27 44'%3E%3Cpath fill='%23fff' d='M0 22 22 0l2.1 2.1L4.2 22l19.9 19.9L22 44z'/%3E%3C/svg%3E")}.swiper-button-next.swiper-button-white,.swiper-container-rtl .swiper-button-prev.swiper-button-white{background-image:url("data:image/svg+xml;charset=utf-8,%3Csvg xmlns='http://www.w3.org/2000/svg' viewBox='0 0 27 44'%3E%3Cpath fill='%23fff' d='M27 22 5 44l-2.1-2.1L22.8 22 2.9 2.1 5 0z'/%3E%3C/svg%3E")}.swiper-button-prev.swiper-button-black,.swiper-container-rtl .swiper-button-next.swiper-button-black{background-image:url("data:image/svg+xml;charset=utf-8,%3Csvg xmlns='http://www.w3.org/2000/svg' viewBox='0 0 27 44'%3E%3Cpath d='M0 22 22 0l2.1 2.1L4.2 22l19.9 19.9L22 44z'/%3E%3C/svg%3E")}.swiper-button-next.swiper-button-black,.swiper-container-rtl .swiper-button-prev.swiper-button-black{background-image:url("data:image/svg+xml;charset=utf-8,%3Csvg xmlns='http://www.w3.org/2000/svg' viewBox='0 0 27 44'%3E%3Cpath d='M27 22 5 44l-2.1-2.1L22.8 22 2.9 2.1 5 0z'/%3E%3C/svg%3E")}.swiper-button-lock{display:none}.swiper-pagination{position:absolute;text-align:center;transform:translateZ(0);transition:opacity .3s;z-index:10}.swiper-pagination.swiper-pagination-hidden{opacity:0}.swiper-container-horizontal>.swiper-pagination-bullets,.swiper-pagination-custom,.swiper-pagination-fraction{bottom:10px;left:0;width:100%}.swiper-pagination-bullets-dynamic{font-size:0;overflow:hidden}.swiper-pagination-bullets-dynamic .swiper-pagination-bullet{position:relative;transform:scale(.33)}.swiper-pagination-bullets-dynamic .swiper-pagination-bullet-active,.swiper-pagination-bullets-dynamic .swiper-pagination-bullet-active-main{transform:scale(1)}.swiper-pagination-bullets-dynamic .swiper-pagination-bullet-active-prev{transform:scale(.66)}.swiper-pagination-bullets-dynamic .swiper-pagination-bullet-active-prev-prev{transform:scale(.33)}.swiper-pagination-bullets-dynamic .swiper-pagination-bullet-active-next{transform:scale(.66)}.swiper-pagination-bullets-dynamic .swiper-pagination-bullet-active-next-next{transform:scale(.33)}.swiper-pagination-bullet{background:#000;border-radius:100%;display:inline-block;height:8px;opacity:.2;width:8px}button.swiper-pagination-bullet{-webkit-appearance:none;-moz-appearance:none;appearance:none;border:none;box-shadow:none;margin:0;padding:0}.swiper-pagination-clickable .swiper-pagination-bullet{cursor:pointer}.swiper-pagination-bullet-active{background:#007aff;opacity:1}.swiper-container-vertical>.swiper-pagination-bullets{right:10px;top:50%;transform:translate3d(0,-50%,0)}.swiper-container-vertical>.swiper-pagination-bullets .swiper-pagination-bullet{display:block;margin:6px 0}.swiper-container-vertical>.swiper-pagination-bullets.swiper-pagination-bullets-dynamic{top:50%;transform:translateY(-50%);width:8px}.swiper-container-vertical>.swiper-pagination-bullets.swiper-pagination-bullets-dynamic .swiper-pagination-bullet{display:inline-block;transition:transform .2s,top .2s}.swiper-container-horizontal>.swiper-pagination-bullets .swiper-pagination-bullet{margin:0 4px}.swiper-container-horizontal>.swiper-pagination-bullets.swiper-pagination-bullets-dynamic{left:50%;transform:translateX(-50%);white-space:nowrap}.swiper-container-horizontal>.swiper-pagination-bullets.swiper-pagination-bullets-dynamic .swiper-pagination-bullet{transition:transform .2s,left .2s}.swiper-container-horizontal.swiper-container-rtl>.swiper-pagination-bullets-dynamic .swiper-pagination-bullet{transition:transform .2s,right .2s}.swiper-pagination-progressbar{background:rgba(0,0,0,.25);position:absolute}.swiper-pagination-progressbar .swiper-pagination-progressbar-fill{background:#007aff;height:100%;left:0;position:absolute;top:0;transform:scale(0);transform-origin:left top;width:100%}.swiper-container-rtl .swiper-pagination-progressbar .swiper-pagination-progressbar-fill{transform-origin:right top}.swiper-container-horizontal>.swiper-pagination-progressbar,.swiper-container-vertical>.swiper-pagination-progressbar.swiper-pagination-progressbar-opposite{height:4px;left:0;top:0;width:100%}.swiper-container-horizontal>.swiper-pagination-progressbar.swiper-pagination-progressbar-opposite,.swiper-container-vertical>.swiper-pagination-progressbar{height:100%;left:0;top:0;width:4px}.swiper-pagination-white .swiper-pagination-bullet-active{background:#fff}.swiper-pagination-progressbar.swiper-pagination-white{background:hsla(0,0%,100%,.25)}.swiper-pagination-progressbar.swiper-pagination-white .swiper-pagination-progressbar-fill{background:#fff}.swiper-pagination-black .swiper-pagination-bullet-active{background:#000}.swiper-pagination-progressbar.swiper-pagination-black{background:rgba(0,0,0,.25)}.swiper-pagination-progressbar.swiper-pagination-black .swiper-pagination-progressbar-fill{background:#000}.swiper-pagination-lock{display:none}.swiper-scrollbar{background:rgba(0,0,0,.1);border-radius:10px;position:relative;-ms-touch-action:none}.swiper-container-horizontal>.swiper-scrollbar{bottom:3px;height:5px;left:1%;position:absolute;width:98%;z-index:50}.swiper-container-vertical>.swiper-scrollbar{height:98%;position:absolute;right:3px;top:1%;width:5px;z-index:50}.swiper-scrollbar-drag{background:rgba(0,0,0,.5);border-radius:10px;height:100%;left:0;position:relative;top:0;width:100%}.swiper-scrollbar-cursor-drag{cursor:move}.swiper-scrollbar-lock{display:none}.swiper-zoom-container{align-items:center;display:flex;height:100%;justify-content:center;text-align:center;width:100%}.swiper-zoom-container>canvas,.swiper-zoom-container>img,.swiper-zoom-container>svg{max-height:100%;max-width:100%;-o-object-fit:contain;object-fit:contain}.swiper-slide-zoomed{cursor:move}.swiper-lazy-preloader{animation:swiper-preloader-spin 1s steps(12) infinite;height:42px;left:50%;margin-left:-21px;margin-top:-21px;position:absolute;top:50%;transform-origin:50%;width:42px;z-index:10}.swiper-lazy-preloader:after{background-image:url("data:image/svg+xml;charset=utf-8,%3Csvg xmlns='http://www.w3.org/2000/svg' xmlns:xlink='http://www.w3.org/1999/xlink' viewBox='0 0 120 120'%3E%3Cdefs%3E%3Cpath id='a' stroke='%236c6c6c' stroke-linecap='round' stroke-width='11' d='M60 7v20'/%3E%3C/defs%3E%3Cuse xlink:href='%23a' opacity='.27'/%3E%3Cuse xlink:href='%23a' opacity='.27' transform='rotate(30 60 60)'/%3E%3Cuse xlink:href='%23a' opacity='.27' transform='rotate(60 60 60)'/%3E%3Cuse xlink:href='%23a' opacity='.27' transform='rotate(90 60 60)'/%3E%3Cuse xlink:href='%23a' opacity='.27' transform='rotate(120 60 60)'/%3E%3Cuse xlink:href='%23a' opacity='.27' transform='rotate(150 60 60)'/%3E%3Cuse xlink:href='%23a' opacity='.37' transform='rotate(180 60 60)'/%3E%3Cuse xlink:href='%23a' opacity='.46' transform='rotate(210 60 60)'/%3E%3Cuse xlink:href='%23a' opacity='.56' transform='rotate(240 60 60)'/%3E%3Cuse xlink:href='%23a' opacity='.66' transform='rotate(270 60 60)'/%3E%3Cuse xlink:href='%23a' opacity='.75' transform='rotate(300 60 60)'/%3E%3Cuse xlink:href='%23a' opacity='.85' transform='rotate(330 60 60)'/%3E%3C/svg%3E");background-position:50%;background-repeat:no-repeat;background-size:100%;content:"";display:block;height:100%;width:100%}.swiper-lazy-preloader-white:after{background-image:url("data:image/svg+xml;charset=utf-8,%3Csvg xmlns='http://www.w3.org/2000/svg' xmlns:xlink='http://www.w3.org/1999/xlink' viewBox='0 0 120 120'%3E%3Cdefs%3E%3Cpath id='a' stroke='%23fff' stroke-linecap='round' stroke-width='11' d='M60 7v20'/%3E%3C/defs%3E%3Cuse xlink:href='%23a' opacity='.27'/%3E%3Cuse xlink:href='%23a' opacity='.27' transform='rotate(30 60 60)'/%3E%3Cuse xlink:href='%23a' opacity='.27' transform='rotate(60 60 60)'/%3E%3Cuse xlink:href='%23a' opacity='.27' transform='rotate(90 60 60)'/%3E%3Cuse xlink:href='%23a' opacity='.27' transform='rotate(120 60 60)'/%3E%3Cuse xlink:href='%23a' opacity='.27' transform='rotate(150 60 60)'/%3E%3Cuse xlink:href='%23a' opacity='.37' transform='rotate(180 60 60)'/%3E%3Cuse xlink:href='%23a' opacity='.46' transform='rotate(210 60 60)'/%3E%3Cuse xlink:href='%23a' opacity='.56' transform='rotate(240 60 60)'/%3E%3Cuse xlink:href='%23a' opacity='.66' transform='rotate(270 60 60)'/%3E%3Cuse xlink:href='%23a' opacity='.75' transform='rotate(300 60 60)'/%3E%3Cuse xlink:href='%23a' opacity='.85' transform='rotate(330 60 60)'/%3E%3C/svg%3E")}@keyframes swiper-preloader-spin{to{transform:rotate(1turn)}}.swiper-container .swiper-notification{left:0;opacity:0;pointer-events:none;position:absolute;top:0;z-index:-1000}.swiper-container-fade.swiper-container-free-mode .swiper-slide{transition-timing-function:ease-out}.swiper-container-fade .swiper-slide{pointer-events:none;transition-property:opacity}.swiper-container-fade .swiper-slide .swiper-slide{pointer-events:none}.swiper-container-fade .swiper-slide-active,.swiper-container-fade .swiper-slide-active .swiper-slide-active{pointer-events:auto}.swiper-container-cube{overflow:visible}.swiper-container-cube .swiper-slide{backface-visibility:hidden;height:100%;pointer-events:none;transform-origin:0 0;visibility:hidden;width:100%;z-index:1}.swiper-container-cube .swiper-slide .swiper-slide{pointer-events:none}.swiper-container-cube.swiper-container-rtl .swiper-slide{transform-origin:100% 0}.swiper-container-cube .swiper-slide-active,.swiper-container-cube .swiper-slide-active .swiper-slide-active{pointer-events:auto}.swiper-container-cube .swiper-slide-active,.swiper-container-cube .swiper-slide-next,.swiper-container-cube .swiper-slide-next+.swiper-slide,.swiper-container-cube .swiper-slide-prev{pointer-events:auto;visibility:visible}.swiper-container-cube .swiper-slide-shadow-bottom,.swiper-container-cube .swiper-slide-shadow-left,.swiper-container-cube .swiper-slide-shadow-right,.swiper-container-cube .swiper-slide-shadow-top{backface-visibility:hidden;z-index:0}.swiper-container-cube .swiper-cube-shadow{background:#000;bottom:0;filter:blur(50px);height:100%;left:0;opacity:.6;position:absolute;width:100%;z-index:0}.swiper-container-flip{overflow:visible}.swiper-container-flip .swiper-slide{backface-visibility:hidden;pointer-events:none;z-index:1}.swiper-container-flip .swiper-slide .swiper-slide{pointer-events:none}.swiper-container-flip .swiper-slide-active,.swiper-container-flip .swiper-slide-active .swiper-slide-active{pointer-events:auto}.swiper-container-flip .swiper-slide-shadow-bottom,.swiper-container-flip .swiper-slide-shadow-left,.swiper-container-flip .swiper-slide-shadow-right,.swiper-container-flip .swiper-slide-shadow-top{backface-visibility:hidden;z-index:0}.swiper-container-coverflow .swiper-wrapper{-ms-perspective:1200px}h1,h2,h3,h4,h5{font-size:1em;font-weight:400;line-height:normal;margin:0;padding:0}mark{background:none;color:inherit}input:disabled::-moz-placeholder,textarea:disabled::-moz-placeholder{-webkit-text-fill-color:#737373;opacity:1}input:disabled,input:disabled::placeholder,textarea:disabled,textarea:disabled::placeholder{-webkit-text-fill-color:#737373;opacity:1}.a11y-focus-standard:focus-visible:not(.a11y-focus-none),a:focus-visible:not(.a11y-focus-none),button:focus-visible:not(.a11y-focus-none){outline:2px solid blue;outline-offset:2px}.a11y-focus-light:focus-visible:not(.a11y-focus-none){outline:2px solid blue;outline-color:#fff;outline-offset:2px}.a11y-focus-soft:focus-visible:not(.a11y-focus-none){outline:2px solid blue;outline-color:#739ec9;outline-offset:2px}:focus-visible .a11y-focus-standard{outline:2px solid blue;outline-offset:2px}:focus-visible .a11y-focus-light{outline:2px solid blue;outline-color:#fff;outline-offset:2px}:focus-visible .a11y-focus-soft{outline:2px solid blue;outline-color:#739ec9;outline-offset:2px}a:focus-visible{border-radius:2px}.a11y-focus-rounded:focus-visible,:focus-visible .a11y-focus-rounded{border-radius:2px}.a11y-focus-none{outline:none}.svg-icon{color:inherit;display:inline-block;-o-object-fit:contain;object-fit:contain;vertical-align:middle;width:23px}.svg-icon:not(.svg-icon-original){fill:currentColor;stroke:currentColor}.svg-up{transform:rotate(0deg)}.svg-right{transform:rotate(90deg)}.svg-down{transform:rotate(180deg)}.svg-left{transform:rotate(-90deg)}.v-application .filter-type-multilist ul{list-style:none;margin:0;max-height:200px;overflow-y:auto;padding:0;position:relative}.v-application .filter-type-multilist ul li{align-items:center;display:flex;flex-direction:row;height:auto;margin-bottom:8px;min-height:30px;padding-left:0;padding-right:5px}.v-application .filter-type-multilist ul li:last-child{margin-bottom:0}.v-application .filter-type-multilist ul li label{align-items:flex-start;cursor:pointer;display:flex;font-family:Nunito,sans-serif;font-size:14px;font-weight:300;height:100%;position:relative;text-transform:capitalize;-webkit-user-select:none;-moz-user-select:none;user-select:none;width:100%}.v-application .filter-type-multilist ul li label:before{background-color:#fff;border:1px solid #739ec9;border-radius:3px;box-sizing:content-box;content:"";display:inline-block;flex:0 0 auto;height:14px;left:0;margin-right:7.5px;margin-top:2px;top:50%;vertical-align:middle;width:14px}.v-application .filter-type-multilist ul li label:after{background-color:transparent;border-color:#0b6aff;-o-border-image:none;border-image:none;border-radius:0;border-style:solid;border-width:0 0 2px 2px;content:"";display:inline-block;height:3px;left:4px;margin-top:-3px;position:absolute;top:17px;transform:rotate(-45deg) scale(0);transform-origin:50%;transition:none;width:7.5px}.v-application .filter-type-multilist ul li input{order:0;clip:rect(1px,1px,1px,1px);-webkit-clip-path:inset(50%);clip-path:inset(50%);height:1px;overflow:hidden;padding:0;position:absolute;white-space:nowrap;width:1px}.v-application .filter-type-multilist ul li input:hover+label:before{border:1px solid #739ec9}.v-application .filter-type-multilist ul li input:checked+label:before{background-color:#739ec9;border:1px solid #739ec9}.v-application .filter-type-multilist ul li input:checked+label:after{border-color:#fff;box-sizing:content-box;margin-left:-1px;margin-top:-10px;transform:rotate(-45deg) scale(1)}.modal-wrapper{overflow-y:hidden;padding-top:80px}.modal-wrapper .modal-title{background-color:#fff;box-shadow:0 4px 9px 0 rgba(0,0,0,.13);height:60px;left:0;position:fixed;text-align:center;top:0;width:100%}.modal-wrapper .modal-title .modal-title-inner{color:#737373;font-family:Nunito,sans-serif;font-size:16px;font-weight:500;letter-spacing:.46px;margin:0 auto;text-transform:uppercase}@media(min-width:1024px){.modal-wrapper .modal-title .modal-title-inner{color:#333;font-family:"Libre Baskerville",serif;font-size:36px;font-weight:400;letter-spacing:1.03px;text-transform:none}}.modal-wrapper .modal-subtitle{color:#737373;display:block;font-family:Nunito,sans-serif;font-size:16px;font-weight:300;letter-spacing:0;line-height:24px;margin-bottom:23px;margin-top:0;padding:0 16px;text-align:left;width:100%}@media(min-width:1024px){.modal-wrapper .modal-subtitle{font-size:18px}}.modal-wrapper.modal-login .modal-subtitle{display:none}.modal-wrapper .modal-content{margin:0 auto;max-width:425px;overflow-y:auto;padding:0 16px}.modal-wrapper .modal-content .modal-separator-with-text{margin-bottom:26px;margin-top:35px;position:relative;width:100%}.modal-wrapper .modal-content .modal-separator-with-text:before{background-color:#737373;content:"";display:block;height:1px;left:0;position:absolute;top:calc(50% - 1px);width:100%}.modal-wrapper .modal-content .modal-separator-with-text .text{background-color:#fff;color:#737373;font-family:Nunito,sans-serif;font-size:12px;font-weight:700;letter-spacing:.34px;padding:0 17px;position:relative;text-transform:uppercase}.modal-wrapper.modal-forgot-password .modal-content{padding-top:15px}.modal-wrapper.modal-forgot-password .modal-cta .modal-button.v-btn{margin:0 auto}.modal-wrapper.modal-registration{padding-bottom:60px}.modal-wrapper .modal-cta{flex-direction:column;text-align:center}.modal-wrapper .modal-cta .modal-button.v-btn{border-radius:20px;color:#fff;cursor:pointer;font-family:Nunito,sans-serif;font-size:15px;font-weight:500;height:40px;letter-spacing:0;padding:0 35px;text-transform:uppercase}@media(min-width:1024px){.modal-wrapper .modal-cta .modal-button.v-btn{padding:0 30px}}.modal-wrapper .modal-fixed-bottom{align-items:center;background-color:#f2f1ef;border-radius:2px;bottom:0;display:flex;flex-wrap:wrap;height:53px;justify-content:center;left:0;position:fixed;width:100%}.modal-wrapper .modal-text-and-button{color:#737373;flex:0 0 95%;font-family:Nunito,sans-serif;font-size:15px;font-weight:300;letter-spacing:0}.modal-wrapper .modal-text-and-button .modal-text-and-button-btn.v-btn{color:#739ec9;cursor:pointer;display:inline-block;font-family:Nunito,sans-serif;font-size:15px;font-weight:300;height:auto;letter-spacing:0;min-width:auto;padding:0;-webkit-text-decoration:underline;text-decoration:underline;text-transform:none;vertical-align:text-bottom}.modal-wrapper .modal-text-and-button .modal-text-and-button-btn.v-btn:hover{-webkit-text-decoration:underline;text-decoration:underline}@media(min-width:720px){.modal-wrapper .modal-subtitle{text-align:center}}@media(min-width:1024px){.modal-wrapper{padding:17px 28px 60px}.modal-wrapper .modal-title{box-shadow:none;height:auto;padding-bottom:0;padding-top:12px;position:static}.modal-wrapper .modal-subtitle{display:block;margin-top:12px;text-align:center}.modal-wrapper.modal-login .modal-subtitle{display:block}.modal-wrapper .modal-content{display:flex;justify-content:space-between;max-width:100%;padding:0 0 40px}.modal-wrapper .modal-content .modal-social{flex:0 0 43%;order:2}.modal-wrapper .modal-content .modal-separator-with-text{display:flex;flex:0 0 13%;flex-direction:column;justify-content:center;margin:0;order:1;width:auto}.modal-wrapper .modal-content .modal-separator-with-text:before{height:100%;left:calc(50% - 1px);top:0;width:1px}.modal-wrapper .modal-content .modal-separator-with-text .text{padding:13px 0}.modal-wrapper .modal-content .modal-form-fields{flex:0 0 43%;order:0;padding-top:20px}.modal-wrapper.modal-forgot-password .modal-content{justify-content:center;padding-top:0}.modal-wrapper.modal-forgot-password .modal-content .modal-form-fields{padding-top:15px}.modal-wrapper .modal-cta{flex-direction:row;padding:0 0 8px}.modal-wrapper .modal-fixed-bottom{bottom:0;height:75px;left:0;position:absolute;width:100%}.modal-wrapper .modal-text-and-button,.modal-wrapper .modal-text-and-button .modal-text-and-button-btn.v-btn{font-size:18px}}.fade-enter-active,.fade-leave-active{transition:opacity .15s}.fade-enter,.fade-leave-to{opacity:0}.simple-scale-enter-active,.simple-scale-leave-active{transition:all .15s}.simple-scale-enter,.simple-scale-leave-to{opacity:0;transform:scale(.5)}.showSubOptions-enter-active,.showSubOptions-leave-active{transition:all .2s}.showSubOptions-enter,.showSubOptions-leave-to{opacity:0;transform:translateY(-10px)}.cartItemsFade-enter-active,.cartItemsFade-leave-active{transition:all .2s}.cartItemsFade-enter{opacity:0;transform:scale(.9)}.cartItemsFade-leave-to{opacity:0;transform:translateX(-10px)}.notification-fade-enter-active,.notification-fade-leave-active{transition:all .5s}.notification-fade-enter,.notification-fade-leave-to{opacity:0;transform:translateX(100px)}.wishlistActionMenu-enter-active,.wishlistActionMenu-leave-active{transition:all .2s ease-in-out}.wishlistActionMenu-enter,.wishlistActionMenu-leave-to{opacity:0;transform:translateX(100px) translateY(-50px) scale(0)}@media(min-width:720px){.wishlistActionMenu-enter,.wishlistActionMenu-leave-to{transform:translateX(-100px) translateY(-50px) scale(0)}}.WishListGrid-enter-active{transition:opacity .1s;transition-delay:.2s}.WishListGrid-leave-active{transition:opacity .1s}.WishListGrid-enter,.WishListGrid-leave-to{opacity:0}.accountContextMenu-enter-active,.accountContextMenu-leave-active{transition:all .2s ease-in-out}.accountContextMenu-enter,.accountContextMenu-leave-to{opacity:0;transform:translateY(-15px)}@media(min-width:720px){.accountContextMenu-enter,.accountContextMenu-leave-to{transform:translateY(-15px)}}.mobileSorter-enter-active,.mobileSorter-leave-active{transition:all .2s}.mobileSorter-enter,.mobileSorter-leave-to{opacity:0}.swiper-wrapper{box-sizing:border-box}.swiper-pagination{bottom:10px;left:0;width:100%}.swiper-pagination-bullet{margin:0 4px}.swiper-pagination-bullet:active,.swiper-pagination-bullet:focus{outline:none}.swiper-pagination-bullet-active{background:#739ec9}.swiper-pagination-bullet-active:first-child:last-child{display:none}.swiper-pagination-white .swiper-pagination-bullet{background-color:#fff;opacity:.5}.swiper-pagination-white .swiper-pagination-bullet-active{opacity:1}.swiper-navigation .swiper-button{align-items:center;background:none;display:flex;height:auto;justify-content:center}.swiper-navigation .swiper-button svg{width:15px}.swiper-navigation .swiper-button:active,.swiper-navigation .swiper-button:focus{outline:none}.swiper-button-prev{transform:rotate(180deg)}.page-title{color:#333;font-family:"Libre Baskerville",serif;font-size:36px;font-weight:400;letter-spacing:1.2px;margin:25px;text-align:center}.page-title h1{font-size:38px}.page-title-orange{color:#f49626}.page-title-little{font-size:28px;margin:25px 25px 0}.page-title-little+.page-title{margin-top:0}@media(min-width:720px){.page-title,.page-title h1{font-size:42px}}.content-news{margin:70px auto;max-width:986px}.content-news-title{color:#333;font-family:"Libre Baskerville",serif;font-weight:400;letter-spacing:1.03px;line-height:normal;margin:0 0 19px;padding:0 15px;text-align:center}.content-news-title h1{font-size:38px}.content-news-title h2{font-size:32px}.content-news-title h3{font-size:28px}.content-news-title h4{font-size:24px}.content-news-title h5{font-size:22px}.content-news-title h6{font-size:20px}@media(min-width:720px){.content-news-title h1{font-size:42px}.content-news-title h2{font-size:36px}.content-news-title h3{font-size:30px}.content-news-title h4{font-size:26px}}.content-news-text{color:#333;font-size:18px;font-weight:300;line-height:normal;margin-bottom:30px;padding:0 15px;text-align:center}.content-news-cta{margin:0 auto 20px;text-align:center}.content-news-cta.as-button a{align-items:center;background-color:#f8ae00;border:2px solid #f8ae00;border-radius:20px;color:#fff;cursor:pointer;display:inline-flex;font-family:Nunito,sans-serif;font-size:15px;font-weight:500;height:40px;justify-content:space-around;line-height:40px;padding:0 20px;position:relative;-webkit-text-decoration:none;text-decoration:none;text-transform:uppercase;transition-duration:.2s;transition-property:background-color,border-color}.content-news-cta.as-button a:hover{background-color:#f49626;border-color:#f49626}.content-news-cta.as-button a:focus-visible{border-radius:20px;outline-color:blue;outline-offset:3px}.content-news-cta.as-button a:focus-visible span{border-radius:20px}.content-news-cta.as-button a span{color:#fff}.content-news-ordering-wrapper{align-items:center;display:flex;justify-content:flex-end;padding:18px 10px}.content-news-articles{display:flex;flex-wrap:wrap;justify-content:flex-start;list-style-type:none;padding:0!important}.content-news-article{margin-bottom:15px;padding:0 10px}.content-news-article.swiper-slide{height:auto;margin-bottom:0;padding:0}.content-news-carousel{padding-bottom:40px}.content-news .pagination-pages{justify-content:center;margin:10px auto}@media(min-width:720px){.content-news-articles .content-news-article{flex:0 0 50%}.content-news-articles .content-news-article-oneline{flex:1 0 100%}.content-news-articles-cols3 .content-news-article{flex:0 0 33.3333333333%}.content-news-articles-cols3 .content-news-article-oneline{flex:1 0 100%}.content-news-articles-cols2 .content-news-article{flex:0 0 50%}.content-news-articles-cols2 .content-news-article-oneline{flex:1 0 100%}.content-news-articles-cols1 .content-news-article{flex:0 0 100%}.content-news-articles-cols1 .content-news-article-oneline{flex:1 0 100%}}@media(min-width:1024px){.content-news-ordering-wrapper{padding:0 0 18px}.content-news-articles{margin:0 -10px}.content-news-articles .content-news-article,.content-news-articles-cols3 .content-news-article{flex:0 0 33.3333333333%}.content-news-articles-cols3 .content-news-article-oneline{flex:1 0 100%}.content-news-articles-cols2 .content-news-article{flex:0 0 50%}.content-news-articles-cols2 .content-news-article-oneline{flex:1 0 100%}.content-news-articles-cols1 .content-news-article{flex:0 0 100%}.content-news-articles-cols1 .content-news-article-oneline{flex:1 0 100%}}.content-news-empty{text-align:center}.article .page-title{line-height:1;margin:0;text-align:left}.article-image{max-height:349px;overflow:hidden}.article-image img{-o-object-fit:cover;object-fit:cover;width:100%}.article-container{margin:44px auto 0;max-width:986px;padding:0 16px;width:100%}.article-data{color:#737373;font-size:14px;font-stretch:normal;font-style:normal;font-weight:300;letter-spacing:normal;line-height:normal;margin:0!important}.article-header{margin-bottom:20px}.article-label{margin-top:20px}.article-socials{margin-bottom:60px}.article-list{margin-top:60px}.article .article-content,.article .article-section{padding-bottom:44px}.article .article-content .single-content,.article .article-section .single-content{padding:0}.article .article-content .single-content .single-content-title-small,.article .article-section .single-content .single-content-title-small{font-size:36px}.article .article-content .single-content .single-content-flex-wrapper,.article .article-section .single-content .single-content-flex-wrapper{text-align:left}@media(min-width:1024px){.article-container{display:flex;justify-content:space-between;margin-top:64px}.article-section{flex:0 0 647px}.article-aside{flex:0 0 235px;margin-top:60px}}.article-section .prismic-dynamic-component .cms-accordion,.article-section .prismic-dynamic-component .form{padding:0}.prismic-dynamic-component p{margin-bottom:0}.cms-ecommerce-strip+.prismic-dynamic-component>:first-child{margin-top:35px!important}.prismic-dynamic-component:has(+.cms-ecommerce-strip)>:first-child{margin-bottom:35px!important}.cms-ecommerce-strip--no-margin+.prismic-dynamic-component>:first-child{margin-top:0!important}.prismic-dynamic-component:has(+.cms-ecommerce-strip--no-margin)>:first-child{margin-bottom:0!important}iframe[src*=thefork]{border:none!important;height:auto!important;overflow:scroll!important;width:100%!important}@media only screen and (max-width:359px){iframe[src*=thefork]{min-height:630px}}@media only screen and (min-width:360px)and (max-width:599px){iframe[src*=thefork]{min-height:530px}}@media only screen and (min-width:600px){iframe[src*=thefork]{min-height:460px}}.prismic-dynamic-component .cms-accordion,.prismic-dynamic-component .form{padding:0 21px}.v-input--checkbox .v-icon.v-icon,.v-simple-checkbox .v-icon.v-icon{font-size:22px}.v-input--checkbox .v-icon.fa-square,.v-simple-checkbox .v-icon.fa-square{color:#739ec9}.v-input--checkbox.v-input--is-focused .v-input--selection-controls__input,.v-simple-checkbox.v-input--is-focused .v-input--selection-controls__input{border-radius:2px;outline:2px solid blue;outline-color:#739ec9;outline-offset:2px}.v-application .v-input--switch__track{opacity:1!important}.v-application .v-input--switch__thumb,.v-application .v-input--switch__thumb.error--text{color:#fff!important}.v-input .v-messages.error--text .v-messages__wrapper .v-messages__message{line-height:14px;padding-top:4px}body,html{color:#9b9b9b;font-family:Nunito,sans-serif;font-size:15px;font-weight:300}html.scroll-locked{overflow:hidden}@media(min-width:720px){html.scroll-locked{overflow-y:scroll;position:fixed;width:100%}}.v-application .body-1,.v-application .body-2,.v-application .caption,.v-application .display-1,.v-application .display-2,.v-application .display-3,.v-application .display-4,.v-application .headline,.v-application .overline,.v-application .subtitle-1,.v-application .subtitle-2,.v-application .title{font-family:Nunito,sans-serif}.v-application .error--text{caret-color:#e96224!important;color:#e96224!important}.v-application a{color:#739ec9}.v-application,body,html{box-sizing:border-box;color:#9b9b9b;font-family:Nunito,sans-serif;font-size:15px;font-stretch:normal;font-style:normal;font-weight:300;letter-spacing:normal;line-height:1.5;text-align:left}*,:after,:before{box-sizing:inherit;margin:0}#app{background:#fff}iframe#launcher,iframe#webWidget{display:none}@media(min-width:720px){iframe#launcher,iframe#webWidget{display:block}}@keyframes shake-animation{41%,8%{-webkit-transform:translateX(-10px)}25%,58%{-webkit-transform:translateX(10px)}75%{-webkit-transform:translateX(-5px)}92%{-webkit-transform:translateX(5px)}0%,to{-webkit-transform:translateX(0)}}
.theme--light.v-card{background-color:#fff;color:rgba(0,0,0,.87)}.theme--light.v-card>.v-card__subtitle,.theme--light.v-card>.v-card__text{color:rgba(0,0,0,.6)}.theme--dark.v-card{background-color:#1e1e1e;color:#fff}.theme--dark.v-card>.v-card__subtitle,.theme--dark.v-card>.v-card__text{color:hsla(0,0%,100%,.7)}.v-sheet.v-card{border-radius:4px}.v-sheet.v-card:not(.v-sheet--outlined){box-shadow:0 3px 1px -2px rgba(0,0,0,.2),0 2px 2px 0 rgba(0,0,0,.14),0 1px 5px 0 rgba(0,0,0,.12)}.v-sheet.v-card.v-sheet--shaped{border-radius:16px 4px}.v-card{border-width:thin;display:block;max-width:100%;outline:none;-webkit-text-decoration:none;text-decoration:none;transition-property:box-shadow,opacity;word-wrap:break-word;position:relative;white-space:normal}.v-card>.v-card__progress+:not(.v-btn):not(.v-chip):not(.v-avatar),.v-card>:first-child:not(.v-btn):not(.v-chip):not(.v-avatar){border-top-left-radius:inherit;border-top-right-radius:inherit}.v-card>:last-child:not(.v-btn):not(.v-chip):not(.v-avatar){border-bottom-left-radius:inherit;border-bottom-right-radius:inherit}.v-card__progress{left:0;overflow:hidden;right:0;top:0}.v-card__subtitle+.v-card__text{padding-top:0}.v-card__subtitle,.v-card__text{font-size:.875rem;font-weight:400;letter-spacing:.0071428571em;line-height:1.375rem}.v-card__subtitle,.v-card__text,.v-card__title{padding:16px}.v-card__title{align-items:center;display:flex;flex-wrap:wrap;font-size:1.25rem;font-weight:500;letter-spacing:.0125em;line-height:2rem;word-break:break-all}.v-card__title+.v-card__subtitle,.v-card__title+.v-card__text{padding-top:0}.v-card__title+.v-card__subtitle{margin-top:-16px}.v-card__text{width:100%}.v-card__actions{align-items:center;display:flex;padding:8px}.v-card__actions>.v-btn.v-btn{padding:0 8px}.v-application--is-ltr .v-card__actions>.v-btn.v-btn+.v-btn{margin-left:8px}.v-application--is-ltr .v-card__actions>.v-btn.v-btn .v-icon--left{margin-left:4px}.v-application--is-ltr .v-card__actions>.v-btn.v-btn .v-icon--right{margin-right:4px}.v-application--is-rtl .v-card__actions>.v-btn.v-btn+.v-btn{margin-right:8px}.v-application--is-rtl .v-card__actions>.v-btn.v-btn .v-icon--left{margin-right:4px}.v-application--is-rtl .v-card__actions>.v-btn.v-btn .v-icon--right{margin-left:4px}.v-card--flat{box-shadow:0 0 0 0 rgba(0,0,0,.2),0 0 0 0 rgba(0,0,0,.14),0 0 0 0 rgba(0,0,0,.12)!important}.v-sheet.v-card--hover{cursor:pointer;transition:box-shadow .4s cubic-bezier(.25,.8,.25,1)}.v-sheet.v-card--hover:focus,.v-sheet.v-card--hover:hover{box-shadow:0 5px 5px -3px rgba(0,0,0,.2),0 8px 10px 1px rgba(0,0,0,.14),0 3px 14px 2px rgba(0,0,0,.12)}.v-card--link,.v-card--link .v-chip{cursor:pointer}.v-card--link:focus:before{opacity:.08}.v-card--link:before{background:currentColor;bottom:0;content:"";left:0;opacity:0;pointer-events:none;position:absolute;right:0;top:0;transition:opacity .2s}.v-card--disabled{pointer-events:none;-webkit-user-select:none;-moz-user-select:none;user-select:none}.v-card--disabled>:not(.v-card__progress){opacity:.6;transition:inherit}.v-card--loading{overflow:hidden}.v-card--raised{box-shadow:0 5px 5px -3px rgba(0,0,0,.2),0 8px 10px 1px rgba(0,0,0,.14),0 3px 14px 2px rgba(0,0,0,.12)}
.v-date-picker-title{display:flex;flex-direction:column;flex-wrap:wrap;justify-content:space-between;line-height:1}.v-application--is-ltr .v-date-picker-title .v-picker__title__btn{text-align:left}.v-application--is-rtl .v-date-picker-title .v-picker__title__btn{text-align:right}.v-date-picker-title__year{align-items:center;display:inline-flex;font-size:14px;font-weight:500;margin-bottom:8px}.v-date-picker-title__date{font-size:34px;font-weight:500;margin-bottom:-8px;overflow:hidden;padding-bottom:8px;position:relative;text-align:left}.v-date-picker-title__date>div{position:relative}.v-date-picker-title--disabled{pointer-events:none}
.theme--light.v-date-picker-header .v-date-picker-header__value:not(.v-date-picker-header__value--disabled) button:not(:hover):not(:focus){color:rgba(0,0,0,.87)}.theme--light.v-date-picker-header .v-date-picker-header__value--disabled button{color:rgba(0,0,0,.38)}.theme--dark.v-date-picker-header .v-date-picker-header__value:not(.v-date-picker-header__value--disabled) button:not(:hover):not(:focus){color:#fff}.theme--dark.v-date-picker-header .v-date-picker-header__value--disabled button{color:hsla(0,0%,100%,.5)}.v-date-picker-header{align-items:center;display:flex;justify-content:space-between;padding:4px 8px;position:relative}.v-date-picker-header .v-btn{margin:0;z-index:auto}.v-date-picker-header .v-icon{cursor:pointer;-webkit-user-select:none;-moz-user-select:none;user-select:none}.v-date-picker-header__value{flex:1;overflow:hidden;position:relative;text-align:center}.v-date-picker-header__value div{transition:.3s cubic-bezier(.25,.8,.5,1);width:100%}.v-date-picker-header__value button{cursor:pointer;font-weight:700;outline:none;padding:.5rem;transition:.3s cubic-bezier(.25,.8,.5,1)}.v-date-picker-header--disabled{pointer-events:none}
.theme--light.v-date-picker-table .v-date-picker-table--date__week,.theme--light.v-date-picker-table th{color:rgba(0,0,0,.38)}.theme--dark.v-date-picker-table .v-date-picker-table--date__week,.theme--dark.v-date-picker-table th{color:hsla(0,0%,100%,.5)}.v-date-picker-table{height:242px;padding:6px;position:relative}.v-date-picker-table table{table-layout:fixed;top:0;transition:.3s cubic-bezier(.25,.8,.5,1);width:100%}.v-date-picker-table td,.v-date-picker-table th{position:relative;text-align:center}.v-date-picker-table th{font-size:12px}.v-date-picker-table--date .v-btn{height:32px;width:32px}.v-date-picker-table .v-btn{font-size:12px;margin:0;z-index:auto}.v-date-picker-table .v-btn.v-btn--active{color:#fff}.v-date-picker-table--month td{height:56px;text-align:center;vertical-align:middle;width:33.333333%}.v-date-picker-table--month td .v-btn{margin:0 auto;max-width:140px;min-width:40px;width:100%}.v-date-picker-table--date th{font-weight:600;padding:4px 0}.v-date-picker-table--date td{width:45px}.v-date-picker-table__events{height:8px;left:0;position:absolute;text-align:center;white-space:pre;width:100%}.v-date-picker-table__events>div{border-radius:50%;display:inline-block;height:8px;margin:0 1px;width:8px}.v-date-picker-table--date .v-date-picker-table__events{bottom:6px}.v-date-picker-table--month .v-date-picker-table__events{bottom:8px}.v-date-picker-table__current .v-date-picker-table__events{margin-bottom:-1px}.v-date-picker-table--disabled{pointer-events:none}
.v-date-picker-years{font-size:16px;font-weight:400;height:290px;list-style-type:none;overflow:auto;text-align:center}.v-date-picker-years.v-date-picker-years{padding:0}.v-date-picker-years li{cursor:pointer;padding:8px 0;transition:none}.v-date-picker-years li.active{font-size:26px;font-weight:500;padding:10px 0}.v-date-picker-years li:hover{background:rgba(0,0,0,.12)}.v-picker--landscape .v-date-picker-years{height:290px;padding:0}
.theme--light.v-picker__title{background:#e0e0e0}.theme--dark.v-picker__title{background:#616161}.theme--light.v-picker__body{background:#fff}.theme--dark.v-picker__body{background:#424242}.v-picker{border-radius:4px;contain:layout style;display:inline-flex;flex-direction:column;font-size:1rem;position:relative;vertical-align:top}.v-picker--full-width{display:flex;width:100%}.v-picker--full-width>.v-picker__body{margin:initial}.v-picker__title{border-top-left-radius:4px;border-top-right-radius:4px;color:#fff;padding:16px}.v-picker__title__btn{transition:.3s cubic-bezier(.25,.8,.5,1)}.v-picker__title__btn:not(.v-picker__title__btn--active){cursor:pointer;opacity:.6}.v-picker__title__btn:not(.v-picker__title__btn--active):hover:not(:focus){opacity:1}.v-picker__title__btn--readonly{pointer-events:none}.v-picker__title__btn--active{opacity:1}.v-picker__body{align-items:center;display:flex;flex:1 0 auto;flex-direction:column;height:auto;margin:0 auto;overflow:hidden;position:relative;z-index:0}.v-picker__body>div{width:100%}.v-picker__body>div.fade-transition-leave-active{position:absolute}.v-picker--landscape .v-picker__title{border-bottom-right-radius:0;border-top-right-radius:0;height:100%;position:absolute;top:0;width:170px;z-index:1}.v-application--is-ltr .v-picker--landscape .v-picker__title{left:0}.v-application--is-rtl .v-picker--landscape .v-picker__title{right:0}.v-application--is-ltr .v-picker--landscape .v-picker__actions:not(.v-picker__actions--no-title),.v-application--is-ltr .v-picker--landscape .v-picker__body:not(.v-picker__body--no-title){margin-left:170px;margin-right:0}.v-application--is-rtl .v-picker--landscape .v-picker__actions:not(.v-picker__actions--no-title),.v-application--is-rtl .v-picker--landscape .v-picker__body:not(.v-picker__body--no-title){margin-left:0;margin-right:170px}.v-picker--flat{box-shadow:0 0 0 0 rgba(0,0,0,.2),0 0 0 0 rgba(0,0,0,.14),0 0 0 0 rgba(0,0,0,.12)}
.v-menu{display:none}.v-menu--attached{display:inline}.v-menu__content{border-radius:4px;box-shadow:0 5px 5px -3px rgba(0,0,0,.2),0 8px 10px 1px rgba(0,0,0,.14),0 3px 14px 2px rgba(0,0,0,.12);contain:content;display:inline-block;max-width:80%;overflow-x:hidden;overflow-y:auto;position:absolute}.v-menu__content--active{pointer-events:none}.v-menu__content--auto .v-list-item{transition-duration:.3s;transition-property:transform,opacity;transition-timing-function:cubic-bezier(.25,.8,.25,1)}.v-menu__content--fixed{position:fixed}.v-menu__content>.card{backface-visibility:hidden;contain:content}.v-menu>.v-menu__content{max-width:none}.v-menu-transition-enter .v-list-item{min-width:0;pointer-events:none}.v-menu-transition-enter-to .v-list-item{transition-delay:.1s}.v-menu-transition-leave-active,.v-menu-transition-leave-to{pointer-events:none}.v-menu-transition-enter,.v-menu-transition-leave-to{opacity:0}.v-menu-transition-enter-active,.v-menu-transition-leave-active{transition:all .3s cubic-bezier(.25,.8,.25,1)}.v-menu-transition-enter.v-menu__content--auto{transition:none!important}.v-menu-transition-enter.v-menu__content--auto .v-list-item{opacity:0;transform:translateY(-15px)}.v-menu-transition-enter.v-menu__content--auto .v-list-item--active{opacity:1;pointer-events:auto;transform:none!important}
.theme--light.v-textarea.v-text-field--solo-inverted.v-input--is-focused textarea{color:#fff}.theme--light.v-textarea.v-text-field--solo-inverted.v-input--is-focused textarea::-moz-placeholder{color:hsla(0,0%,100%,.5)}.theme--light.v-textarea.v-text-field--solo-inverted.v-input--is-focused textarea::placeholder{color:hsla(0,0%,100%,.5)}.theme--dark.v-textarea.v-text-field--solo-inverted.v-input--is-focused textarea{color:rgba(0,0,0,.87)}.theme--dark.v-textarea.v-text-field--solo-inverted.v-input--is-focused textarea::-moz-placeholder{color:rgba(0,0,0,.38)}.theme--dark.v-textarea.v-text-field--solo-inverted.v-input--is-focused textarea::placeholder{color:rgba(0,0,0,.38)}.v-textarea textarea{align-self:stretch;flex:1 1 auto;line-height:1.75rem;max-width:100%;min-height:32px;outline:none;padding:0;width:100%}.v-textarea .v-text-field__prefix,.v-textarea .v-text-field__suffix{align-self:start;padding-top:2px}.v-textarea.v-text-field--box .v-text-field__prefix,.v-textarea.v-text-field--box textarea,.v-textarea.v-text-field--enclosed .v-text-field__prefix,.v-textarea.v-text-field--enclosed textarea{margin-top:24px}.v-textarea.v-text-field--box.v-text-field--outlined:not(.v-input--dense) .v-text-field__prefix,.v-textarea.v-text-field--box.v-text-field--outlined:not(.v-input--dense) .v-text-field__suffix,.v-textarea.v-text-field--box.v-text-field--outlined:not(.v-input--dense) textarea,.v-textarea.v-text-field--box.v-text-field--single-line:not(.v-input--dense) .v-text-field__prefix,.v-textarea.v-text-field--box.v-text-field--single-line:not(.v-input--dense) .v-text-field__suffix,.v-textarea.v-text-field--box.v-text-field--single-line:not(.v-input--dense) textarea,.v-textarea.v-text-field--enclosed.v-text-field--outlined:not(.v-input--dense) .v-text-field__prefix,.v-textarea.v-text-field--enclosed.v-text-field--outlined:not(.v-input--dense) .v-text-field__suffix,.v-textarea.v-text-field--enclosed.v-text-field--outlined:not(.v-input--dense) textarea,.v-textarea.v-text-field--enclosed.v-text-field--single-line:not(.v-input--dense) .v-text-field__prefix,.v-textarea.v-text-field--enclosed.v-text-field--single-line:not(.v-input--dense) .v-text-field__suffix,.v-textarea.v-text-field--enclosed.v-text-field--single-line:not(.v-input--dense) textarea{margin-top:10px}.v-textarea.v-text-field--box.v-text-field--outlined:not(.v-input--dense) .v-label,.v-textarea.v-text-field--box.v-text-field--single-line:not(.v-input--dense) .v-label,.v-textarea.v-text-field--enclosed.v-text-field--outlined:not(.v-input--dense) .v-label,.v-textarea.v-text-field--enclosed.v-text-field--single-line:not(.v-input--dense) .v-label{top:18px}.v-textarea.v-text-field--box.v-text-field--outlined.v-input--dense .v-text-field__prefix,.v-textarea.v-text-field--box.v-text-field--outlined.v-input--dense .v-text-field__suffix,.v-textarea.v-text-field--box.v-text-field--outlined.v-input--dense textarea,.v-textarea.v-text-field--box.v-text-field--single-line.v-input--dense .v-text-field__prefix,.v-textarea.v-text-field--box.v-text-field--single-line.v-input--dense .v-text-field__suffix,.v-textarea.v-text-field--box.v-text-field--single-line.v-input--dense textarea,.v-textarea.v-text-field--enclosed.v-text-field--outlined.v-input--dense .v-text-field__prefix,.v-textarea.v-text-field--enclosed.v-text-field--outlined.v-input--dense .v-text-field__suffix,.v-textarea.v-text-field--enclosed.v-text-field--outlined.v-input--dense textarea,.v-textarea.v-text-field--enclosed.v-text-field--single-line.v-input--dense .v-text-field__prefix,.v-textarea.v-text-field--enclosed.v-text-field--single-line.v-input--dense .v-text-field__suffix,.v-textarea.v-text-field--enclosed.v-text-field--single-line.v-input--dense textarea{margin-top:6px}.v-textarea.v-text-field--box.v-text-field--outlined.v-input--dense .v-input__append-inner,.v-textarea.v-text-field--box.v-text-field--outlined.v-input--dense .v-input__append-outer,.v-textarea.v-text-field--box.v-text-field--outlined.v-input--dense .v-input__prepend-inner,.v-textarea.v-text-field--box.v-text-field--outlined.v-input--dense .v-input__prepend-outer,.v-textarea.v-text-field--box.v-text-field--single-line.v-input--dense .v-input__append-inner,.v-textarea.v-text-field--box.v-text-field--single-line.v-input--dense .v-input__append-outer,.v-textarea.v-text-field--box.v-text-field--single-line.v-input--dense .v-input__prepend-inner,.v-textarea.v-text-field--box.v-text-field--single-line.v-input--dense .v-input__prepend-outer,.v-textarea.v-text-field--enclosed.v-text-field--outlined.v-input--dense .v-input__append-inner,.v-textarea.v-text-field--enclosed.v-text-field--outlined.v-input--dense .v-input__append-outer,.v-textarea.v-text-field--enclosed.v-text-field--outlined.v-input--dense .v-input__prepend-inner,.v-textarea.v-text-field--enclosed.v-text-field--outlined.v-input--dense .v-input__prepend-outer,.v-textarea.v-text-field--enclosed.v-text-field--single-line.v-input--dense .v-input__append-inner,.v-textarea.v-text-field--enclosed.v-text-field--single-line.v-input--dense .v-input__append-outer,.v-textarea.v-text-field--enclosed.v-text-field--single-line.v-input--dense .v-input__prepend-inner,.v-textarea.v-text-field--enclosed.v-text-field--single-line.v-input--dense .v-input__prepend-outer{align-self:flex-start;margin-top:8px}.v-textarea.v-text-field--solo{align-items:flex-start}.v-textarea.v-text-field--solo .v-input__control textarea{caret-color:auto}.v-textarea.v-text-field--solo .v-input__append-inner,.v-textarea.v-text-field--solo .v-input__append-outer,.v-textarea.v-text-field--solo .v-input__prepend-inner,.v-textarea.v-text-field--solo .v-input__prepend-outer{align-self:flex-start;margin-top:12px}.v-application--is-ltr .v-textarea.v-text-field--solo .v-input__append-inner{padding-left:12px}.v-application--is-rtl .v-textarea.v-text-field--solo .v-input__append-inner{padding-right:12px}.v-textarea--auto-grow textarea{overflow:hidden}.v-textarea--no-resize textarea{resize:none}.v-textarea.v-text-field--enclosed .v-text-field__slot{align-self:stretch}.v-application--is-ltr .v-textarea.v-text-field--enclosed .v-text-field__slot{margin-right:-12px}.v-application--is-rtl .v-textarea.v-text-field--enclosed .v-text-field__slot{margin-left:-12px}.v-application--is-ltr .v-textarea.v-text-field--enclosed .v-text-field__slot textarea{padding-right:12px}.v-application--is-rtl .v-textarea.v-text-field--enclosed .v-text-field__slot textarea{padding-left:12px}.v-application--is-ltr .v-textarea.v-text-field--enclosed.v-text-field--reverse .v-text-field__slot .v-label{margin-right:12px}.v-application--is-rtl .v-textarea.v-text-field--enclosed.v-text-field--reverse .v-text-field__slot .v-label{margin-left:12px}
.container{margin-left:auto;margin-right:auto;padding:12px;width:100%}@media (min-width:1024px){.container{max-width:900px}}@media (min-width:1280px){.container{max-width:1185px}}@media (min-width:1920px){.container{max-width:1785px}}.container--fluid{max-width:100%}.row{display:flex;flex:1 1 auto;flex-wrap:wrap;margin-left:-12px;margin-right:-12px}.row--dense{margin-left:-4px;margin-right:-4px}.row--dense>.col,.row--dense>[class*=col-]{padding:4px}.no-gutters{margin-left:0;margin-right:0}.no-gutters>.col,.no-gutters>[class*=col-]{padding:0}.col,.col-1,.col-10,.col-11,.col-12,.col-2,.col-3,.col-4,.col-5,.col-6,.col-7,.col-8,.col-9,.col-auto,.col-lg,.col-lg-1,.col-lg-10,.col-lg-11,.col-lg-12,.col-lg-2,.col-lg-3,.col-lg-4,.col-lg-5,.col-lg-6,.col-lg-7,.col-lg-8,.col-lg-9,.col-lg-auto,.col-md,.col-md-1,.col-md-10,.col-md-11,.col-md-12,.col-md-2,.col-md-3,.col-md-4,.col-md-5,.col-md-6,.col-md-7,.col-md-8,.col-md-9,.col-md-auto,.col-sm,.col-sm-1,.col-sm-10,.col-sm-11,.col-sm-12,.col-sm-2,.col-sm-3,.col-sm-4,.col-sm-5,.col-sm-6,.col-sm-7,.col-sm-8,.col-sm-9,.col-sm-auto,.col-xl,.col-xl-1,.col-xl-10,.col-xl-11,.col-xl-12,.col-xl-2,.col-xl-3,.col-xl-4,.col-xl-5,.col-xl-6,.col-xl-7,.col-xl-8,.col-xl-9,.col-xl-auto{padding:12px;width:100%}.col{flex-basis:0;flex-grow:1;max-width:100%}.col-auto{flex:0 0 auto;max-width:100%;width:auto}.col-1{flex:0 0 8.3333333333%;max-width:8.3333333333%}.col-2{flex:0 0 16.6666666667%;max-width:16.6666666667%}.col-3{flex:0 0 25%;max-width:25%}.col-4{flex:0 0 33.3333333333%;max-width:33.3333333333%}.col-5{flex:0 0 41.6666666667%;max-width:41.6666666667%}.col-6{flex:0 0 50%;max-width:50%}.col-7{flex:0 0 58.3333333333%;max-width:58.3333333333%}.col-8{flex:0 0 66.6666666667%;max-width:66.6666666667%}.col-9{flex:0 0 75%;max-width:75%}.col-10{flex:0 0 83.3333333333%;max-width:83.3333333333%}.col-11{flex:0 0 91.6666666667%;max-width:91.6666666667%}.col-12{flex:0 0 100%;max-width:100%}.v-application--is-ltr .offset-1{margin-left:8.3333333333%}.v-application--is-rtl .offset-1{margin-right:8.3333333333%}.v-application--is-ltr .offset-2{margin-left:16.6666666667%}.v-application--is-rtl .offset-2{margin-right:16.6666666667%}.v-application--is-ltr .offset-3{margin-left:25%}.v-application--is-rtl .offset-3{margin-right:25%}.v-application--is-ltr .offset-4{margin-left:33.3333333333%}.v-application--is-rtl .offset-4{margin-right:33.3333333333%}.v-application--is-ltr .offset-5{margin-left:41.6666666667%}.v-application--is-rtl .offset-5{margin-right:41.6666666667%}.v-application--is-ltr .offset-6{margin-left:50%}.v-application--is-rtl .offset-6{margin-right:50%}.v-application--is-ltr .offset-7{margin-left:58.3333333333%}.v-application--is-rtl .offset-7{margin-right:58.3333333333%}.v-application--is-ltr .offset-8{margin-left:66.6666666667%}.v-application--is-rtl .offset-8{margin-right:66.6666666667%}.v-application--is-ltr .offset-9{margin-left:75%}.v-application--is-rtl .offset-9{margin-right:75%}.v-application--is-ltr .offset-10{margin-left:83.3333333333%}.v-application--is-rtl .offset-10{margin-right:83.3333333333%}.v-application--is-ltr .offset-11{margin-left:91.6666666667%}.v-application--is-rtl .offset-11{margin-right:91.6666666667%}@media (min-width:720px){.col-sm{flex-basis:0;flex-grow:1;max-width:100%}.col-sm-auto{flex:0 0 auto;max-width:100%;width:auto}.col-sm-1{flex:0 0 8.3333333333%;max-width:8.3333333333%}.col-sm-2{flex:0 0 16.6666666667%;max-width:16.6666666667%}.col-sm-3{flex:0 0 25%;max-width:25%}.col-sm-4{flex:0 0 33.3333333333%;max-width:33.3333333333%}.col-sm-5{flex:0 0 41.6666666667%;max-width:41.6666666667%}.col-sm-6{flex:0 0 50%;max-width:50%}.col-sm-7{flex:0 0 58.3333333333%;max-width:58.3333333333%}.col-sm-8{flex:0 0 66.6666666667%;max-width:66.6666666667%}.col-sm-9{flex:0 0 75%;max-width:75%}.col-sm-10{flex:0 0 83.3333333333%;max-width:83.3333333333%}.col-sm-11{flex:0 0 91.6666666667%;max-width:91.6666666667%}.col-sm-12{flex:0 0 100%;max-width:100%}.v-application--is-ltr .offset-sm-0{margin-left:0}.v-application--is-rtl .offset-sm-0{margin-right:0}.v-application--is-ltr .offset-sm-1{margin-left:8.3333333333%}.v-application--is-rtl .offset-sm-1{margin-right:8.3333333333%}.v-application--is-ltr .offset-sm-2{margin-left:16.6666666667%}.v-application--is-rtl .offset-sm-2{margin-right:16.6666666667%}.v-application--is-ltr .offset-sm-3{margin-left:25%}.v-application--is-rtl .offset-sm-3{margin-right:25%}.v-application--is-ltr .offset-sm-4{margin-left:33.3333333333%}.v-application--is-rtl .offset-sm-4{margin-right:33.3333333333%}.v-application--is-ltr .offset-sm-5{margin-left:41.6666666667%}.v-application--is-rtl .offset-sm-5{margin-right:41.6666666667%}.v-application--is-ltr .offset-sm-6{margin-left:50%}.v-application--is-rtl .offset-sm-6{margin-right:50%}.v-application--is-ltr .offset-sm-7{margin-left:58.3333333333%}.v-application--is-rtl .offset-sm-7{margin-right:58.3333333333%}.v-application--is-ltr .offset-sm-8{margin-left:66.6666666667%}.v-application--is-rtl .offset-sm-8{margin-right:66.6666666667%}.v-application--is-ltr .offset-sm-9{margin-left:75%}.v-application--is-rtl .offset-sm-9{margin-right:75%}.v-application--is-ltr .offset-sm-10{margin-left:83.3333333333%}.v-application--is-rtl .offset-sm-10{margin-right:83.3333333333%}.v-application--is-ltr .offset-sm-11{margin-left:91.6666666667%}.v-application--is-rtl .offset-sm-11{margin-right:91.6666666667%}}@media (min-width:1024px){.col-md{flex-basis:0;flex-grow:1;max-width:100%}.col-md-auto{flex:0 0 auto;max-width:100%;width:auto}.col-md-1{flex:0 0 8.3333333333%;max-width:8.3333333333%}.col-md-2{flex:0 0 16.6666666667%;max-width:16.6666666667%}.col-md-3{flex:0 0 25%;max-width:25%}.col-md-4{flex:0 0 33.3333333333%;max-width:33.3333333333%}.col-md-5{flex:0 0 41.6666666667%;max-width:41.6666666667%}.col-md-6{flex:0 0 50%;max-width:50%}.col-md-7{flex:0 0 58.3333333333%;max-width:58.3333333333%}.col-md-8{flex:0 0 66.6666666667%;max-width:66.6666666667%}.col-md-9{flex:0 0 75%;max-width:75%}.col-md-10{flex:0 0 83.3333333333%;max-width:83.3333333333%}.col-md-11{flex:0 0 91.6666666667%;max-width:91.6666666667%}.col-md-12{flex:0 0 100%;max-width:100%}.v-application--is-ltr .offset-md-0{margin-left:0}.v-application--is-rtl .offset-md-0{margin-right:0}.v-application--is-ltr .offset-md-1{margin-left:8.3333333333%}.v-application--is-rtl .offset-md-1{margin-right:8.3333333333%}.v-application--is-ltr .offset-md-2{margin-left:16.6666666667%}.v-application--is-rtl .offset-md-2{margin-right:16.6666666667%}.v-application--is-ltr .offset-md-3{margin-left:25%}.v-application--is-rtl .offset-md-3{margin-right:25%}.v-application--is-ltr .offset-md-4{margin-left:33.3333333333%}.v-application--is-rtl .offset-md-4{margin-right:33.3333333333%}.v-application--is-ltr .offset-md-5{margin-left:41.6666666667%}.v-application--is-rtl .offset-md-5{margin-right:41.6666666667%}.v-application--is-ltr .offset-md-6{margin-left:50%}.v-application--is-rtl .offset-md-6{margin-right:50%}.v-application--is-ltr .offset-md-7{margin-left:58.3333333333%}.v-application--is-rtl .offset-md-7{margin-right:58.3333333333%}.v-application--is-ltr .offset-md-8{margin-left:66.6666666667%}.v-application--is-rtl .offset-md-8{margin-right:66.6666666667%}.v-application--is-ltr .offset-md-9{margin-left:75%}.v-application--is-rtl .offset-md-9{margin-right:75%}.v-application--is-ltr .offset-md-10{margin-left:83.3333333333%}.v-application--is-rtl .offset-md-10{margin-right:83.3333333333%}.v-application--is-ltr .offset-md-11{margin-left:91.6666666667%}.v-application--is-rtl .offset-md-11{margin-right:91.6666666667%}}@media (min-width:1280px){.col-lg{flex-basis:0;flex-grow:1;max-width:100%}.col-lg-auto{flex:0 0 auto;max-width:100%;width:auto}.col-lg-1{flex:0 0 8.3333333333%;max-width:8.3333333333%}.col-lg-2{flex:0 0 16.6666666667%;max-width:16.6666666667%}.col-lg-3{flex:0 0 25%;max-width:25%}.col-lg-4{flex:0 0 33.3333333333%;max-width:33.3333333333%}.col-lg-5{flex:0 0 41.6666666667%;max-width:41.6666666667%}.col-lg-6{flex:0 0 50%;max-width:50%}.col-lg-7{flex:0 0 58.3333333333%;max-width:58.3333333333%}.col-lg-8{flex:0 0 66.6666666667%;max-width:66.6666666667%}.col-lg-9{flex:0 0 75%;max-width:75%}.col-lg-10{flex:0 0 83.3333333333%;max-width:83.3333333333%}.col-lg-11{flex:0 0 91.6666666667%;max-width:91.6666666667%}.col-lg-12{flex:0 0 100%;max-width:100%}.v-application--is-ltr .offset-lg-0{margin-left:0}.v-application--is-rtl .offset-lg-0{margin-right:0}.v-application--is-ltr .offset-lg-1{margin-left:8.3333333333%}.v-application--is-rtl .offset-lg-1{margin-right:8.3333333333%}.v-application--is-ltr .offset-lg-2{margin-left:16.6666666667%}.v-application--is-rtl .offset-lg-2{margin-right:16.6666666667%}.v-application--is-ltr .offset-lg-3{margin-left:25%}.v-application--is-rtl .offset-lg-3{margin-right:25%}.v-application--is-ltr .offset-lg-4{margin-left:33.3333333333%}.v-application--is-rtl .offset-lg-4{margin-right:33.3333333333%}.v-application--is-ltr .offset-lg-5{margin-left:41.6666666667%}.v-application--is-rtl .offset-lg-5{margin-right:41.6666666667%}.v-application--is-ltr .offset-lg-6{margin-left:50%}.v-application--is-rtl .offset-lg-6{margin-right:50%}.v-application--is-ltr .offset-lg-7{margin-left:58.3333333333%}.v-application--is-rtl .offset-lg-7{margin-right:58.3333333333%}.v-application--is-ltr .offset-lg-8{margin-left:66.6666666667%}.v-application--is-rtl .offset-lg-8{margin-right:66.6666666667%}.v-application--is-ltr .offset-lg-9{margin-left:75%}.v-application--is-rtl .offset-lg-9{margin-right:75%}.v-application--is-ltr .offset-lg-10{margin-left:83.3333333333%}.v-application--is-rtl .offset-lg-10{margin-right:83.3333333333%}.v-application--is-ltr .offset-lg-11{margin-left:91.6666666667%}.v-application--is-rtl .offset-lg-11{margin-right:91.6666666667%}}@media (min-width:1920px){.col-xl{flex-basis:0;flex-grow:1;max-width:100%}.col-xl-auto{flex:0 0 auto;max-width:100%;width:auto}.col-xl-1{flex:0 0 8.3333333333%;max-width:8.3333333333%}.col-xl-2{flex:0 0 16.6666666667%;max-width:16.6666666667%}.col-xl-3{flex:0 0 25%;max-width:25%}.col-xl-4{flex:0 0 33.3333333333%;max-width:33.3333333333%}.col-xl-5{flex:0 0 41.6666666667%;max-width:41.6666666667%}.col-xl-6{flex:0 0 50%;max-width:50%}.col-xl-7{flex:0 0 58.3333333333%;max-width:58.3333333333%}.col-xl-8{flex:0 0 66.6666666667%;max-width:66.6666666667%}.col-xl-9{flex:0 0 75%;max-width:75%}.col-xl-10{flex:0 0 83.3333333333%;max-width:83.3333333333%}.col-xl-11{flex:0 0 91.6666666667%;max-width:91.6666666667%}.col-xl-12{flex:0 0 100%;max-width:100%}.v-application--is-ltr .offset-xl-0{margin-left:0}.v-application--is-rtl .offset-xl-0{margin-right:0}.v-application--is-ltr .offset-xl-1{margin-left:8.3333333333%}.v-application--is-rtl .offset-xl-1{margin-right:8.3333333333%}.v-application--is-ltr .offset-xl-2{margin-left:16.6666666667%}.v-application--is-rtl .offset-xl-2{margin-right:16.6666666667%}.v-application--is-ltr .offset-xl-3{margin-left:25%}.v-application--is-rtl .offset-xl-3{margin-right:25%}.v-application--is-ltr .offset-xl-4{margin-left:33.3333333333%}.v-application--is-rtl .offset-xl-4{margin-right:33.3333333333%}.v-application--is-ltr .offset-xl-5{margin-left:41.6666666667%}.v-application--is-rtl .offset-xl-5{margin-right:41.6666666667%}.v-application--is-ltr .offset-xl-6{margin-left:50%}.v-application--is-rtl .offset-xl-6{margin-right:50%}.v-application--is-ltr .offset-xl-7{margin-left:58.3333333333%}.v-application--is-rtl .offset-xl-7{margin-right:58.3333333333%}.v-application--is-ltr .offset-xl-8{margin-left:66.6666666667%}.v-application--is-rtl .offset-xl-8{margin-right:66.6666666667%}.v-application--is-ltr .offset-xl-9{margin-left:75%}.v-application--is-rtl .offset-xl-9{margin-right:75%}.v-application--is-ltr .offset-xl-10{margin-left:83.3333333333%}.v-application--is-rtl .offset-xl-10{margin-right:83.3333333333%}.v-application--is-ltr .offset-xl-11{margin-left:91.6666666667%}.v-application--is-rtl .offset-xl-11{margin-right:91.6666666667%}}
@font-face{font-display:swap;font-family:"Libre Baskerville";font-style:italic;font-weight:400;src:url(/_nuxt/fonts/Libre_Baskerville-italic-400-latin-ext.04fd72d.woff2) format("woff2");unicode-range:u+0100-02ba,u+02bd-02c5,u+02c7-02cc,u+02ce-02d7,u+02dd-02ff,u+0304,u+0308,u+0329,u+1d00-1dbf,u+1e00-1e9f,u+1ef2-1eff,u+2020,u+20a0-20ab,u+20ad-20c0,u+2113,u+2c60-2c7f,u+a720-a7ff}@font-face{font-display:swap;font-family:"Libre Baskerville";font-style:italic;font-weight:400;src:url(/_nuxt/fonts/Libre_Baskerville-italic-400-latin.8f334ff.woff2) format("woff2");unicode-range:u+00??,u+0131,u+0152-0153,u+02bb-02bc,u+02c6,u+02da,u+02dc,u+0304,u+0308,u+0329,u+2000-206f,u+20ac,u+2122,u+2191,u+2193,u+2212,u+2215,u+feff,u+fffd}@font-face{font-display:swap;font-family:"Libre Baskerville";font-style:normal;font-weight:400;src:url(/_nuxt/fonts/Libre_Baskerville-normal-400-latin-ext.e2f6042.woff2) format("woff2");unicode-range:u+0100-02ba,u+02bd-02c5,u+02c7-02cc,u+02ce-02d7,u+02dd-02ff,u+0304,u+0308,u+0329,u+1d00-1dbf,u+1e00-1e9f,u+1ef2-1eff,u+2020,u+20a0-20ab,u+20ad-20c0,u+2113,u+2c60-2c7f,u+a720-a7ff}@font-face{font-display:swap;font-family:"Libre Baskerville";font-style:normal;font-weight:400;src:url(/_nuxt/fonts/Libre_Baskerville-normal-400-latin.c1d91c1.woff2) format("woff2");unicode-range:u+00??,u+0131,u+0152-0153,u+02bb-02bc,u+02c6,u+02da,u+02dc,u+0304,u+0308,u+0329,u+2000-206f,u+20ac,u+2122,u+2191,u+2193,u+2212,u+2215,u+feff,u+fffd}@font-face{font-display:swap;font-family:"Libre Baskerville";font-style:normal;font-weight:700;src:url(/_nuxt/fonts/Libre_Baskerville-normal-700-latin-ext.1971cba.woff2) format("woff2");unicode-range:u+0100-02ba,u+02bd-02c5,u+02c7-02cc,u+02ce-02d7,u+02dd-02ff,u+0304,u+0308,u+0329,u+1d00-1dbf,u+1e00-1e9f,u+1ef2-1eff,u+2020,u+20a0-20ab,u+20ad-20c0,u+2113,u+2c60-2c7f,u+a720-a7ff}@font-face{font-display:swap;font-family:"Libre Baskerville";font-style:normal;font-weight:700;src:url(/_nuxt/fonts/Libre_Baskerville-normal-700-latin.d83447a.woff2) format("woff2");unicode-range:u+00??,u+0131,u+0152-0153,u+02bb-02bc,u+02c6,u+02da,u+02dc,u+0304,u+0308,u+0329,u+2000-206f,u+20ac,u+2122,u+2191,u+2193,u+2212,u+2215,u+feff,u+fffd}@font-face{font-display:swap;font-family:"Nunito";font-style:italic;font-weight:300;src:url(/_nuxt/fonts/Nunito-italic-300-cyrillic-ext.5fbe40c.woff2) format("woff2");unicode-range:u+0460-052f,u+1c80-1c8a,u+20b4,u+2de0-2dff,u+a640-a69f,u+fe2e-fe2f}@font-face{font-display:swap;font-family:"Nunito";font-style:italic;font-weight:300;src:url(/_nuxt/fonts/Nunito-italic-300-cyrillic.9e119cb.woff2) format("woff2");unicode-range:u+0301,u+0400-045f,u+0490-0491,u+04b0-04b1,u+2116}@font-face{font-display:swap;font-family:"Nunito";font-style:italic;font-weight:300;src:url(/_nuxt/fonts/Nunito-italic-300-vietnamese.1941b1c.woff2) format("woff2");unicode-range:u+0102-0103,u+0110-0111,u+0128-0129,u+0168-0169,u+01a0-01a1,u+01af-01b0,u+0300-0301,u+0303-0304,u+0308-0309,u+0323,u+0329,u+1ea0-1ef9,u+20ab}@font-face{font-display:swap;font-family:"Nunito";font-style:italic;font-weight:300;src:url(/_nuxt/fonts/Nunito-italic-300-latin-ext.57e7c6a.woff2) format("woff2");unicode-range:u+0100-02ba,u+02bd-02c5,u+02c7-02cc,u+02ce-02d7,u+02dd-02ff,u+0304,u+0308,u+0329,u+1d00-1dbf,u+1e00-1e9f,u+1ef2-1eff,u+2020,u+20a0-20ab,u+20ad-20c0,u+2113,u+2c60-2c7f,u+a720-a7ff}@font-face{font-display:swap;font-family:"Nunito";font-style:italic;font-weight:300;src:url(/_nuxt/fonts/Nunito-italic-300-latin.84d7156.woff2) format("woff2");unicode-range:u+00??,u+0131,u+0152-0153,u+02bb-02bc,u+02c6,u+02da,u+02dc,u+0304,u+0308,u+0329,u+2000-206f,u+20ac,u+2122,u+2191,u+2193,u+2212,u+2215,u+feff,u+fffd}@font-face{font-display:swap;font-family:"Nunito";font-style:italic;font-weight:400;src:url(/_nuxt/fonts/Nunito-italic-400-cyrillic-ext.5fbe40c.woff2) format("woff2");unicode-range:u+0460-052f,u+1c80-1c8a,u+20b4,u+2de0-2dff,u+a640-a69f,u+fe2e-fe2f}@font-face{font-display:swap;font-family:"Nunito";font-style:italic;font-weight:400;src:url(/_nuxt/fonts/Nunito-italic-400-cyrillic.9e119cb.woff2) format("woff2");unicode-range:u+0301,u+0400-045f,u+0490-0491,u+04b0-04b1,u+2116}@font-face{font-display:swap;font-family:"Nunito";font-style:italic;font-weight:400;src:url(/_nuxt/fonts/Nunito-italic-400-vietnamese.1941b1c.woff2) format("woff2");unicode-range:u+0102-0103,u+0110-0111,u+0128-0129,u+0168-0169,u+01a0-01a1,u+01af-01b0,u+0300-0301,u+0303-0304,u+0308-0309,u+0323,u+0329,u+1ea0-1ef9,u+20ab}@font-face{font-display:swap;font-family:"Nunito";font-style:italic;font-weight:400;src:url(/_nuxt/fonts/Nunito-italic-400-latin-ext.57e7c6a.woff2) format("woff2");unicode-range:u+0100-02ba,u+02bd-02c5,u+02c7-02cc,u+02ce-02d7,u+02dd-02ff,u+0304,u+0308,u+0329,u+1d00-1dbf,u+1e00-1e9f,u+1ef2-1eff,u+2020,u+20a0-20ab,u+20ad-20c0,u+2113,u+2c60-2c7f,u+a720-a7ff}@font-face{font-display:swap;font-family:"Nunito";font-style:italic;font-weight:400;src:url(/_nuxt/fonts/Nunito-italic-400-latin.84d7156.woff2) format("woff2");unicode-range:u+00??,u+0131,u+0152-0153,u+02bb-02bc,u+02c6,u+02da,u+02dc,u+0304,u+0308,u+0329,u+2000-206f,u+20ac,u+2122,u+2191,u+2193,u+2212,u+2215,u+feff,u+fffd}@font-face{font-display:swap;font-family:"Nunito";font-style:italic;font-weight:500;src:url(/_nuxt/fonts/Nunito-italic-500-cyrillic-ext.5fbe40c.woff2) format("woff2");unicode-range:u+0460-052f,u+1c80-1c8a,u+20b4,u+2de0-2dff,u+a640-a69f,u+fe2e-fe2f}@font-face{font-display:swap;font-family:"Nunito";font-style:italic;font-weight:500;src:url(/_nuxt/fonts/Nunito-italic-500-cyrillic.9e119cb.woff2) format("woff2");unicode-range:u+0301,u+0400-045f,u+0490-0491,u+04b0-04b1,u+2116}@font-face{font-display:swap;font-family:"Nunito";font-style:italic;font-weight:500;src:url(/_nuxt/fonts/Nunito-italic-500-vietnamese.1941b1c.woff2) format("woff2");unicode-range:u+0102-0103,u+0110-0111,u+0128-0129,u+0168-0169,u+01a0-01a1,u+01af-01b0,u+0300-0301,u+0303-0304,u+0308-0309,u+0323,u+0329,u+1ea0-1ef9,u+20ab}@font-face{font-display:swap;font-family:"Nunito";font-style:italic;font-weight:500;src:url(/_nuxt/fonts/Nunito-italic-500-latin-ext.57e7c6a.woff2) format("woff2");unicode-range:u+0100-02ba,u+02bd-02c5,u+02c7-02cc,u+02ce-02d7,u+02dd-02ff,u+0304,u+0308,u+0329,u+1d00-1dbf,u+1e00-1e9f,u+1ef2-1eff,u+2020,u+20a0-20ab,u+20ad-20c0,u+2113,u+2c60-2c7f,u+a720-a7ff}@font-face{font-display:swap;font-family:"Nunito";font-style:italic;font-weight:500;src:url(/_nuxt/fonts/Nunito-italic-500-latin.84d7156.woff2) format("woff2");unicode-range:u+00??,u+0131,u+0152-0153,u+02bb-02bc,u+02c6,u+02da,u+02dc,u+0304,u+0308,u+0329,u+2000-206f,u+20ac,u+2122,u+2191,u+2193,u+2212,u+2215,u+feff,u+fffd}@font-face{font-display:swap;font-family:"Nunito";font-style:italic;font-weight:700;src:url(/_nuxt/fonts/Nunito-italic-700-cyrillic-ext.5fbe40c.woff2) format("woff2");unicode-range:u+0460-052f,u+1c80-1c8a,u+20b4,u+2de0-2dff,u+a640-a69f,u+fe2e-fe2f}@font-face{font-display:swap;font-family:"Nunito";font-style:italic;font-weight:700;src:url(/_nuxt/fonts/Nunito-italic-700-cyrillic.9e119cb.woff2) format("woff2");unicode-range:u+0301,u+0400-045f,u+0490-0491,u+04b0-04b1,u+2116}@font-face{font-display:swap;font-family:"Nunito";font-style:italic;font-weight:700;src:url(/_nuxt/fonts/Nunito-italic-700-vietnamese.1941b1c.woff2) format("woff2");unicode-range:u+0102-0103,u+0110-0111,u+0128-0129,u+0168-0169,u+01a0-01a1,u+01af-01b0,u+0300-0301,u+0303-0304,u+0308-0309,u+0323,u+0329,u+1ea0-1ef9,u+20ab}@font-face{font-display:swap;font-family:"Nunito";font-style:italic;font-weight:700;src:url(/_nuxt/fonts/Nunito-italic-700-latin-ext.57e7c6a.woff2) format("woff2");unicode-range:u+0100-02ba,u+02bd-02c5,u+02c7-02cc,u+02ce-02d7,u+02dd-02ff,u+0304,u+0308,u+0329,u+1d00-1dbf,u+1e00-1e9f,u+1ef2-1eff,u+2020,u+20a0-20ab,u+20ad-20c0,u+2113,u+2c60-2c7f,u+a720-a7ff}@font-face{font-display:swap;font-family:"Nunito";font-style:italic;font-weight:700;src:url(/_nuxt/fonts/Nunito-italic-700-latin.84d7156.woff2) format("woff2");unicode-range:u+00??,u+0131,u+0152-0153,u+02bb-02bc,u+02c6,u+02da,u+02dc,u+0304,u+0308,u+0329,u+2000-206f,u+20ac,u+2122,u+2191,u+2193,u+2212,u+2215,u+feff,u+fffd}@font-face{font-display:swap;font-family:"Nunito";font-style:normal;font-weight:300;src:url(/_nuxt/fonts/Nunito-normal-300-cyrillic-ext.565621d.woff2) format("woff2");unicode-range:u+0460-052f,u+1c80-1c8a,u+20b4,u+2de0-2dff,u+a640-a69f,u+fe2e-fe2f}@font-face{font-display:swap;font-family:"Nunito";font-style:normal;font-weight:300;src:url(/_nuxt/fonts/Nunito-normal-300-cyrillic.49a875f.woff2) format("woff2");unicode-range:u+0301,u+0400-045f,u+0490-0491,u+04b0-04b1,u+2116}@font-face{font-display:swap;font-family:"Nunito";font-style:normal;font-weight:300;src:url(/_nuxt/fonts/Nunito-normal-300-vietnamese.aaa7ab2.woff2) format("woff2");unicode-range:u+0102-0103,u+0110-0111,u+0128-0129,u+0168-0169,u+01a0-01a1,u+01af-01b0,u+0300-0301,u+0303-0304,u+0308-0309,u+0323,u+0329,u+1ea0-1ef9,u+20ab}@font-face{font-display:swap;font-family:"Nunito";font-style:normal;font-weight:300;src:url(/_nuxt/fonts/Nunito-normal-300-latin-ext.c6d65b7.woff2) format("woff2");unicode-range:u+0100-02ba,u+02bd-02c5,u+02c7-02cc,u+02ce-02d7,u+02dd-02ff,u+0304,u+0308,u+0329,u+1d00-1dbf,u+1e00-1e9f,u+1ef2-1eff,u+2020,u+20a0-20ab,u+20ad-20c0,u+2113,u+2c60-2c7f,u+a720-a7ff}@font-face{font-display:swap;font-family:"Nunito";font-style:normal;font-weight:300;src:url(/_nuxt/fonts/Nunito-normal-300-latin.bc532dd.woff2) format("woff2");unicode-range:u+00??,u+0131,u+0152-0153,u+02bb-02bc,u+02c6,u+02da,u+02dc,u+0304,u+0308,u+0329,u+2000-206f,u+20ac,u+2122,u+2191,u+2193,u+2212,u+2215,u+feff,u+fffd}@font-face{font-display:swap;font-family:"Nunito";font-style:normal;font-weight:400;src:url(/_nuxt/fonts/Nunito-normal-400-cyrillic-ext.565621d.woff2) format("woff2");unicode-range:u+0460-052f,u+1c80-1c8a,u+20b4,u+2de0-2dff,u+a640-a69f,u+fe2e-fe2f}@font-face{font-display:swap;font-family:"Nunito";font-style:normal;font-weight:400;src:url(/_nuxt/fonts/Nunito-normal-400-cyrillic.49a875f.woff2) format("woff2");unicode-range:u+0301,u+0400-045f,u+0490-0491,u+04b0-04b1,u+2116}@font-face{font-display:swap;font-family:"Nunito";font-style:normal;font-weight:400;src:url(/_nuxt/fonts/Nunito-normal-400-vietnamese.aaa7ab2.woff2) format("woff2");unicode-range:u+0102-0103,u+0110-0111,u+0128-0129,u+0168-0169,u+01a0-01a1,u+01af-01b0,u+0300-0301,u+0303-0304,u+0308-0309,u+0323,u+0329,u+1ea0-1ef9,u+20ab}@font-face{font-display:swap;font-family:"Nunito";font-style:normal;font-weight:400;src:url(/_nuxt/fonts/Nunito-normal-400-latin-ext.c6d65b7.woff2) format("woff2");unicode-range:u+0100-02ba,u+02bd-02c5,u+02c7-02cc,u+02ce-02d7,u+02dd-02ff,u+0304,u+0308,u+0329,u+1d00-1dbf,u+1e00-1e9f,u+1ef2-1eff,u+2020,u+20a0-20ab,u+20ad-20c0,u+2113,u+2c60-2c7f,u+a720-a7ff}@font-face{font-display:swap;font-family:"Nunito";font-style:normal;font-weight:400;src:url(/_nuxt/fonts/Nunito-normal-400-latin.bc532dd.woff2) format("woff2");unicode-range:u+00??,u+0131,u+0152-0153,u+02bb-02bc,u+02c6,u+02da,u+02dc,u+0304,u+0308,u+0329,u+2000-206f,u+20ac,u+2122,u+2191,u+2193,u+2212,u+2215,u+feff,u+fffd}@font-face{font-display:swap;font-family:"Nunito";font-style:normal;font-weight:500;src:url(/_nuxt/fonts/Nunito-normal-500-cyrillic-ext.565621d.woff2) format("woff2");unicode-range:u+0460-052f,u+1c80-1c8a,u+20b4,u+2de0-2dff,u+a640-a69f,u+fe2e-fe2f}@font-face{font-display:swap;font-family:"Nunito";font-style:normal;font-weight:500;src:url(/_nuxt/fonts/Nunito-normal-500-cyrillic.49a875f.woff2) format("woff2");unicode-range:u+0301,u+0400-045f,u+0490-0491,u+04b0-04b1,u+2116}@font-face{font-display:swap;font-family:"Nunito";font-style:normal;font-weight:500;src:url(/_nuxt/fonts/Nunito-normal-500-vietnamese.aaa7ab2.woff2) format("woff2");unicode-range:u+0102-0103,u+0110-0111,u+0128-0129,u+0168-0169,u+01a0-01a1,u+01af-01b0,u+0300-0301,u+0303-0304,u+0308-0309,u+0323,u+0329,u+1ea0-1ef9,u+20ab}@font-face{font-display:swap;font-family:"Nunito";font-style:normal;font-weight:500;src:url(/_nuxt/fonts/Nunito-normal-500-latin-ext.c6d65b7.woff2) format("woff2");unicode-range:u+0100-02ba,u+02bd-02c5,u+02c7-02cc,u+02ce-02d7,u+02dd-02ff,u+0304,u+0308,u+0329,u+1d00-1dbf,u+1e00-1e9f,u+1ef2-1eff,u+2020,u+20a0-20ab,u+20ad-20c0,u+2113,u+2c60-2c7f,u+a720-a7ff}@font-face{font-display:swap;font-family:"Nunito";font-style:normal;font-weight:500;src:url(/_nuxt/fonts/Nunito-normal-500-latin.bc532dd.woff2) format("woff2");unicode-range:u+00??,u+0131,u+0152-0153,u+02bb-02bc,u+02c6,u+02da,u+02dc,u+0304,u+0308,u+0329,u+2000-206f,u+20ac,u+2122,u+2191,u+2193,u+2212,u+2215,u+feff,u+fffd}@font-face{font-display:swap;font-family:"Nunito";font-style:normal;font-weight:700;src:url(/_nuxt/fonts/Nunito-normal-700-cyrillic-ext.565621d.woff2) format("woff2");unicode-range:u+0460-052f,u+1c80-1c8a,u+20b4,u+2de0-2dff,u+a640-a69f,u+fe2e-fe2f}@font-face{font-display:swap;font-family:"Nunito";font-style:normal;font-weight:700;src:url(/_nuxt/fonts/Nunito-normal-700-cyrillic.49a875f.woff2) format("woff2");unicode-range:u+0301,u+0400-045f,u+0490-0491,u+04b0-04b1,u+2116}@font-face{font-display:swap;font-family:"Nunito";font-style:normal;font-weight:700;src:url(/_nuxt/fonts/Nunito-normal-700-vietnamese.aaa7ab2.woff2) format("woff2");unicode-range:u+0102-0103,u+0110-0111,u+0128-0129,u+0168-0169,u+01a0-01a1,u+01af-01b0,u+0300-0301,u+0303-0304,u+0308-0309,u+0323,u+0329,u+1ea0-1ef9,u+20ab}@font-face{font-display:swap;font-family:"Nunito";font-style:normal;font-weight:700;src:url(/_nuxt/fonts/Nunito-normal-700-latin-ext.c6d65b7.woff2) format("woff2");unicode-range:u+0100-02ba,u+02bd-02c5,u+02c7-02cc,u+02ce-02d7,u+02dd-02ff,u+0304,u+0308,u+0329,u+1d00-1dbf,u+1e00-1e9f,u+1ef2-1eff,u+2020,u+20a0-20ab,u+20ad-20c0,u+2113,u+2c60-2c7f,u+a720-a7ff}@font-face{font-display:swap;font-family:"Nunito";font-style:normal;font-weight:700;src:url(/_nuxt/fonts/Nunito-normal-700-latin.bc532dd.woff2) format("woff2");unicode-range:u+00??,u+0131,u+0152-0153,u+02bb-02bc,u+02c6,u+02da,u+02dc,u+0304,u+0308,u+0329,u+2000-206f,u+20ac,u+2122,u+2191,u+2193,u+2212,u+2215,u+feff,u+fffd}
.theme--light.v-application{background:#fff;color:rgba(0,0,0,.87)}.theme--light.v-application .text--primary{color:rgba(0,0,0,.87)!important}.theme--light.v-application .text--secondary{color:rgba(0,0,0,.6)!important}.theme--light.v-application .text--disabled{color:rgba(0,0,0,.38)!important}.theme--dark.v-application{background:#121212;color:#fff}.theme--dark.v-application .text--primary{color:#fff!important}.theme--dark.v-application .text--secondary{color:hsla(0,0%,100%,.7)!important}.theme--dark.v-application .text--disabled{color:hsla(0,0%,100%,.5)!important}.v-application{display:flex;position:relative}.v-application a{cursor:pointer}.v-application--is-rtl{direction:rtl}.v-application--wrap{backface-visibility:hidden;display:flex;flex:1 1 auto;flex-direction:column;max-width:100%;min-height:100vh;position:relative}@-moz-document url-prefix(){@media print{.v-application,.v-application--wrap{display:block}}}
.theme--light.v-navigation-drawer{background-color:#fff}.theme--light.v-navigation-drawer:not(.v-navigation-drawer--floating) .v-navigation-drawer__border{background-color:rgba(0,0,0,.12)}.theme--light.v-navigation-drawer .v-divider{border-color:rgba(0,0,0,.12)}.theme--dark.v-navigation-drawer{background-color:#363636}.theme--dark.v-navigation-drawer:not(.v-navigation-drawer--floating) .v-navigation-drawer__border{background-color:hsla(0,0%,100%,.12)}.theme--dark.v-navigation-drawer .v-divider{border-color:hsla(0,0%,100%,.12)}.v-navigation-drawer{-webkit-overflow-scrolling:touch;display:flex;flex-direction:column;left:0;max-width:100%;overflow:hidden;pointer-events:auto;top:0;transition-duration:.2s;transition-property:transform,visibility,width;transition-timing-function:cubic-bezier(.4,0,.2,1)}.v-navigation-drawer:not([data-booted=true]){transition:none!important}.v-navigation-drawer.v-navigation-drawer--right:after{left:0;right:auto}.v-navigation-drawer .v-list:not(.v-select-list){background:inherit}.v-navigation-drawer__border{height:100%;position:absolute;right:0;top:0;width:1px}.v-navigation-drawer__content{height:100%;overflow-x:hidden;overflow-y:auto}.v-navigation-drawer__image{border-radius:inherit;bottom:0;contain:strict;height:100%;position:absolute;top:0;width:100%;z-index:-1}.v-navigation-drawer__image .v-image{border-radius:inherit}.v-navigation-drawer--bottom.v-navigation-drawer--is-mobile{bottom:0;max-height:50%;min-width:100%;top:auto}.v-navigation-drawer--right{left:auto;right:0}.v-navigation-drawer--right>.v-navigation-drawer__border{left:0;right:auto}.v-navigation-drawer--absolute{z-index:1}.v-navigation-drawer--fixed{z-index:6}.v-navigation-drawer--absolute{position:absolute}.v-navigation-drawer--clipped:not(.v-navigation-drawer--temporary):not(.v-navigation-drawer--is-mobile){z-index:4}.v-navigation-drawer--fixed{position:fixed}.v-navigation-drawer--floating:after{display:none}.v-navigation-drawer--mini-variant{overflow:hidden}.v-navigation-drawer--mini-variant .v-list-item>:first-child{margin-left:0;margin-right:0}.v-navigation-drawer--mini-variant .v-list-item>:not(:first-child){height:1px;overflow:hidden;position:absolute!important;width:1px;clip:rect(1px,1px,1px,1px);display:inline;display:initial;white-space:nowrap}.v-navigation-drawer--mini-variant .v-list-group--no-action .v-list-group__items,.v-navigation-drawer--mini-variant .v-list-group--sub-group{display:none}.v-navigation-drawer--mini-variant.v-navigation-drawer--custom-mini-variant .v-list-item{justify-content:center}.v-navigation-drawer--temporary{z-index:7}.v-navigation-drawer--mobile{z-index:6}.v-navigation-drawer--close{visibility:hidden}.v-navigation-drawer--is-mobile:not(.v-navigation-drawer--close),.v-navigation-drawer--temporary:not(.v-navigation-drawer--close){box-shadow:0 8px 10px -5px rgba(0,0,0,.2),0 16px 24px 2px rgba(0,0,0,.14),0 6px 30px 5px rgba(0,0,0,.12)}
.theme--light.v-image{color:rgba(0,0,0,.87)}.theme--dark.v-image{color:#fff}.v-image{z-index:0}.v-image__image,.v-image__placeholder{height:100%;left:0;position:absolute;top:0;width:100%;z-index:-1}.v-image__image{background-repeat:no-repeat}.v-image__image--preload{filter:blur(2px)}.v-image__image--contain{background-size:contain}.v-image__image--cover{background-size:cover}
.v-responsive{display:flex;flex:1 0 auto;max-width:100%;overflow:hidden;position:relative}.v-responsive__content{flex:1 0 0px;max-width:100%}.v-application--is-ltr .v-responsive__sizer~.v-responsive__content{margin-left:-100%}.v-application--is-rtl .v-responsive__sizer~.v-responsive__content{margin-right:-100%}.v-responsive__sizer{flex:1 0 0px;transition:padding-bottom .2s cubic-bezier(.25,.8,.5,1)}
.v-tooltip{display:none}.v-tooltip--attached{display:inline}.v-tooltip__content{background:rgba(97,97,97,.9);border-radius:4px;color:#fff;display:inline-block;font-size:14px;line-height:22px;opacity:0;padding:5px 16px;pointer-events:none;position:absolute;text-transform:none;width:auto}.v-tooltip__content.menuable__content__active{opacity:.9}.v-tooltip__content--fixed{position:fixed}.v-tooltip__content[class*=-active]{transition-timing-function:cubic-bezier(0,0,.2,1)}.v-tooltip__content[class*=enter-active]{transition-duration:.15s}.v-tooltip__content[class*=leave-active]{transition-duration:75ms}
.theme--light.v-radio--is-disabled label{color:rgba(0,0,0,.38)}.theme--dark.v-radio--is-disabled label{color:hsla(0,0%,100%,.5)}.v-radio{align-items:center;display:flex;height:auto;outline:none}.v-radio--is-disabled{cursor:default;pointer-events:none}.v-input--radio-group.v-input--radio-group--row .v-radio{margin-right:16px}
.v-input--radio-group legend.v-label{cursor:text;font-size:14px;height:auto}.v-input--radio-group__input{border:none;cursor:default;display:flex;width:100%}.v-input--radio-group--column .v-input--radio-group__input>.v-label{padding-bottom:8px}.v-input--radio-group--row .v-input--radio-group__input>.v-label{padding-right:8px}.v-input--radio-group--row legend{align-self:center;display:inline-block}.v-input--radio-group--row .v-input--radio-group__input{flex-direction:row;flex-wrap:wrap}.v-input--radio-group--column legend{padding-bottom:8px}.v-input--radio-group--column .v-radio:not(:last-child):not(:only-child){margin-bottom:8px}.v-input--radio-group--column .v-input--radio-group__input{flex-direction:column}
.v-item-group{flex:0 1 auto;max-width:100%;position:relative;transition:.3s cubic-bezier(.25,.8,.5,1)}
.theme--light.v-alert .v-alert--prominent .v-alert__icon:after{background:rgba(0,0,0,.12)}.theme--dark.v-alert .v-alert--prominent .v-alert__icon:after{background:hsla(0,0%,100%,.12)}.v-sheet.v-alert{border-radius:4px}.v-sheet.v-alert:not(.v-sheet--outlined){box-shadow:0 0 0 0 rgba(0,0,0,.2),0 0 0 0 rgba(0,0,0,.14),0 0 0 0 rgba(0,0,0,.12)}.v-sheet.v-alert.v-sheet--shaped{border-radius:16px 4px}.v-alert{display:block;font-size:16px;margin-bottom:16px;padding:16px;position:relative;transition:.3s cubic-bezier(.25,.8,.5,1)}.v-alert:not(.v-sheet--tile){border-radius:4px}.v-application--is-ltr .v-alert>.v-alert__content,.v-application--is-ltr .v-alert>.v-icon{margin-right:16px}.v-application--is-rtl .v-alert>.v-alert__content,.v-application--is-rtl .v-alert>.v-icon{margin-left:16px}.v-application--is-ltr .v-alert>.v-icon+.v-alert__content{margin-right:0}.v-application--is-rtl .v-alert>.v-icon+.v-alert__content{margin-left:0}.v-application--is-ltr .v-alert>.v-alert__content+.v-icon{margin-right:0}.v-application--is-rtl .v-alert>.v-alert__content+.v-icon{margin-left:0}.v-alert__border{border-style:solid;border-width:4px;content:"";position:absolute}.v-alert__border:not(.v-alert__border--has-color){opacity:.26}.v-alert__border--left,.v-alert__border--right{bottom:0;top:0}.v-alert__border--bottom,.v-alert__border--top{left:0;right:0}.v-alert__border--bottom{border-bottom-left-radius:inherit;border-bottom-right-radius:inherit;bottom:0}.v-application--is-ltr .v-alert__border--left{border-bottom-left-radius:inherit;border-top-left-radius:inherit;left:0}.v-application--is-ltr .v-alert__border--right,.v-application--is-rtl .v-alert__border--left{border-bottom-right-radius:inherit;border-top-right-radius:inherit;right:0}.v-application--is-rtl .v-alert__border--right{border-bottom-left-radius:inherit;border-top-left-radius:inherit;left:0}.v-alert__border--top{border-top-left-radius:inherit;border-top-right-radius:inherit;top:0}.v-alert__content{flex:1 1 auto}.v-application--is-ltr .v-alert__dismissible{margin:-16px -8px -16px 8px}.v-application--is-rtl .v-alert__dismissible{margin:-16px 8px -16px -8px}.v-alert__icon{align-self:flex-start;border-radius:50%;height:24px;min-width:24px;position:relative}.v-application--is-ltr .v-alert__icon{margin-right:16px}.v-application--is-rtl .v-alert__icon{margin-left:16px}.v-alert__icon.v-icon{font-size:24px}.v-alert__wrapper{align-items:center;border-radius:inherit;display:flex}.v-application--is-ltr .v-alert--border.v-alert--prominent .v-alert__icon{margin-left:8px}.v-application--is-rtl .v-alert--border.v-alert--prominent .v-alert__icon{margin-right:8px}.v-alert--dense{padding-bottom:8px;padding-top:8px}.v-alert--dense .v-alert__border{border-width:medium}.v-alert--outlined{background:transparent!important;border:thin solid!important}.v-alert--outlined .v-alert__icon{color:inherit!important}.v-alert--prominent .v-alert__icon{align-self:center;height:48px;min-width:48px}.v-alert--prominent .v-alert__icon.v-icon{font-size:32px}.v-alert--prominent .v-alert__icon.v-icon:after{background:currentColor!important;border-radius:50%;bottom:0;content:"";left:0;opacity:.16;position:absolute;right:0;top:0}.v-alert--prominent.v-alert--dense .v-alert__icon.v-icon:after{transform:scale(1)}.v-alert--text{background:transparent!important}.v-alert--text:before{background-color:currentColor;border-radius:inherit;bottom:0;content:"";left:0;opacity:.12;pointer-events:none;position:absolute;right:0;top:0}
.AnnouncementBar[data-v-0e781beb]{align-items:center;background-color:#e7e7e7;display:flex;height:42px;justify-content:center;padding:5px 18px;width:100%;z-index:200}.AnnouncementBar.sticky[data-v-0e781beb]{position:sticky;top:0}@media(min-width:1280px){.AnnouncementBar[data-v-0e781beb]{padding:10px 43px}}.AnnouncementBar__inner[data-v-0e781beb]{align-items:center;display:flex;gap:15px;justify-content:space-between;position:relative;width:100%}.AnnouncementBar__item[data-v-0e781beb]{left:50%;line-height:15px;opacity:0;position:absolute;text-align:center;top:50%;transform:translate(-50%,-50%);transition:opacity .5s;width:calc(100% - 50px)}@media(min-width:720px){.AnnouncementBar__item[data-v-0e781beb]{line-height:normal}}.AnnouncementBar__item[data-v-0e781beb]:link{-webkit-text-decoration:none;text-decoration:none}.AnnouncementBar__item.active[data-v-0e781beb]{opacity:1;transition-delay:.3s;z-index:1}.AnnouncementBar__text[data-v-0e781beb]{color:#fff;font-size:12px;font-weight:500;text-transform:uppercase}.AnnouncementBar__text[data-v-0e781beb] p{margin:0}.AnnouncementBar__text[data-v-0e781beb] em{font-style:normal;-webkit-text-decoration:underline;text-decoration:underline}.AnnouncementBar__text[data-v-0e781beb] strong{font-weight:900}@media(min-width:720px){.AnnouncementBar__text[data-v-0e781beb]{font-size:16px}}.AnnouncementBar__btn[data-v-0e781beb]{display:flex;position:relative;transition:all .2s;z-index:2}.AnnouncementBar__btn-left[data-v-0e781beb]{left:0;transform:rotate(180deg)}.AnnouncementBar__btn-left[data-v-0e781beb]:hover{left:-2px}.AnnouncementBar__btn-right[data-v-0e781beb]{right:0}.AnnouncementBar__btn-right[data-v-0e781beb]:hover{right:-2px}.AnnouncementBar__btn[data-v-0e781beb] path{stroke:currentColor}
.cms-link a[data-v-a90af9e0]{color:inherit}
.preHeader[data-v-9a2ea358]{background-color:#333;color:#f2f1ef;font-size:12px;height:26px;width:100%;z-index:200}.preHeader-inner[data-v-9a2ea358]{align-items:center;display:flex;height:100%;justify-content:flex-end}
.pre-header-editorial-content[data-v-ba81769e]{padding-bottom:20px}@media(min-width:720px){.pre-header-editorial-content[data-v-ba81769e]{display:flex;flex-grow:1;justify-content:space-between;padding:0 10px}.pre-header-editorial-content .pre-header-disclaim[data-v-ba81769e] p{margin-bottom:0}.pre-header-editorial-content .pre-header-disclaim[data-v-ba81769e] a{color:inherit;-webkit-text-decoration:none;text-decoration:none}}@media(min-width:1024px){.pre-header-editorial-content[data-v-ba81769e]{padding:0 18px}}@media(min-width:720px){.pre-header-editorial-content .pre-header-links-wrapper[data-v-ba81769e]{align-items:center;display:flex}}.pre-header-editorial-content .pre-header-links-wrapper .pre-header-link[data-v-ba81769e]{color:#333;display:block;font-size:16px;font-weight:500;padding:17px 0;-webkit-text-decoration:none;text-decoration:none}.pre-header-editorial-content .pre-header-links-wrapper .pre-header-link.nuxt-link-exact-active[data-v-ba81769e]{color:#f8ae00;font-weight:700}@media(min-width:720px){.pre-header-editorial-content .pre-header-links-wrapper .pre-header-link[data-v-ba81769e]{color:#f2f1ef;font-size:12px;font-weight:300;line-height:normal;padding:0}}.link-separator[data-v-ba81769e]{color:#f2f1ef;font-weight:500;margin:0 12px}
.shipping-country-wrapper[data-v-02693e1c]{height:100%;margin-left:auto;outline-offset:-3px!important}.current-shipping-country[data-v-02693e1c]{align-items:center;display:flex}.current-shipping-country[data-v-02693e1c]:not(.in-mobile-menu){background-color:hsla(0,0%,85%,.08);cursor:pointer;height:100%}.current-shipping-country .country-flag[data-v-02693e1c]{border-radius:50%;box-shadow:0 0 0 1px #fff;margin:0 10px 0 14px}.current-shipping-country .country-label[data-v-02693e1c]{color:#f2f1ef;font-family:Nunito,sans-serif;font-size:12px;font-weight:300;margin-right:15px}.current-shipping-country.in-mobile-menu[data-v-02693e1c]{margin-right:18px}.current-shipping-country.in-mobile-menu .country-flag[data-v-02693e1c]{margin:0 18px 0 0}.current-shipping-country.in-mobile-menu .country-label[data-v-02693e1c]{color:#333;font-size:16px}
header[data-v-674f9394]{background:#f2f1ef;position:sticky;top:0;width:100%;z-index:200}@supports(-moz-appearance:none){header.firefox-fake-sticky[data-v-674f9394]{position:fixed;top:0}}header .header-content-wrapper[data-v-674f9394]{align-items:center;display:flex;flex-wrap:wrap;justify-content:space-between;padding:0 18px;transition-property:height;transition-timing-function:ease-in;will-change:height}header .header-content-wrapper.checkout-header-layout[data-v-674f9394]{justify-content:center}@media(min-width:720px){header[data-v-674f9394]{background:linear-gradient(#fff 46%,#f2f1ef 0)}header .header-content-wrapper[data-v-674f9394]{justify-content:space-between;padding:6px 18px 6px 21px}header .header-content-wrapper.checkout-header-layout[data-v-674f9394]{background:#f2f1ef;justify-content:space-between}}@media(min-width:1024px){header[data-v-674f9394]{background:#f2f1ef}header .header-content-wrapper[data-v-674f9394]{flex-wrap:nowrap;padding:0 21px}}@media(min-width:1280px){header .header-content-wrapper[data-v-674f9394]{display:flex;justify-content:center;padding:0 43px}header .header-search[data-v-674f9394]{order:2}}.main-logo[data-v-674f9394]{flex:0 0 auto;order:1}@media(min-width:720px){.main-logo[data-v-674f9394]{flex:0 0 30%;order:0}}@media(min-width:1024px){.main-logo[data-v-674f9394]{flex:0 0 auto}}
.logo-link[data-v-2d7108d0],.logo-wrapper[data-v-2d7108d0]{display:flex}.logo-link[data-v-2d7108d0]{border:none;outline:none}.logo-image[data-v-2d7108d0]{width:132px}@media(min-width:1024px){.logo-image[data-v-2d7108d0]{width:112px}}
.menu-nav[data-v-55699c81]{align-items:center;display:flex;flex:1 0 20%;order:0}@media(min-width:720px){.menu-nav[data-v-55699c81]{flex:1 0 auto;height:30px;order:2}}@media(min-width:1024px){.menu-nav[data-v-55699c81]{height:100%;order:1}}
.first-level-items[data-v-6ca22295]{height:auto}@media(min-width:1024px){.first-level-items[data-v-6ca22295]{height:100%}}.items-wrapper[data-v-6ca22295]{height:100%;list-style:none;padding:0}@media(min-width:720px){.items-wrapper[data-v-6ca22295]{display:flex;margin-left:15px}}@media(min-width:1024px){.items-wrapper[data-v-6ca22295]{margin-left:8px}}@media(min-width:1280px){.items-wrapper[data-v-6ca22295]{margin-left:33px}}
.first-level-item[data-v-2a631046]{align-items:center;display:flex;font-family:Nunito,sans-serif;font-size:16px;font-weight:500;height:100%}@media(min-width:720px){.first-level-item[data-v-2a631046]{display:inline-flex}}@media(min-width:1024px){.first-level-item[data-v-2a631046]{font-size:14px;font-weight:300}}.menu-item-link[data-v-2a631046]{align-items:center;color:#333;display:flex;padding:17px 0;-webkit-text-decoration:none;text-decoration:none;width:100%}@media(min-width:720px){.menu-item-link[data-v-2a631046]{padding:0 30px 0 0}}@media(min-width:1024px){.menu-item-link[data-v-2a631046]{padding:17px 11px}}@media(min-width:1280px){.menu-item-link[data-v-2a631046]{padding:17px 16px}}.menu-item-link .menu-item-text-wrap[data-v-2a631046]{display:flex}.menu-item-link .menu-item-text-wrap[data-v-2a631046] .icon-wrapper{align-items:self-start}.menu-item-link.special[data-v-2a631046]{font-weight:700}.menu-item-link.special .menu-item-text-wrap[data-v-2a631046]{position:relative}.menu-item-link.special .menu-item-text-wrap[data-v-2a631046]:after{background:currentColor;bottom:-2px;content:"";height:2px;left:0;position:absolute;width:100%}.menu-item-link.active[data-v-2a631046],.menu-item-link.nuxt-link-active[data-v-2a631046],.menu-item-link[data-v-2a631046]:hover{color:#f8ae00}.menu-item-link.nuxt-link-exact-active[data-v-2a631046]{font-weight:700}.first-level-icon-postfix[data-v-2a631046]{margin-left:auto}@media(min-width:720px){.first-level-icon-postfix[data-v-2a631046]{display:none}}
.icon-wrapper[data-v-61d684ae]{align-items:center;display:inline-flex;margin-right:12px}.icon-wrapper[data-v-61d684ae] svg{height:19px;width:19px;fill:currentColor}.icon-wrapper[data-v-61d684ae] svg path{fill:currentColor}
.header-search-wrapper[data-v-65dcb70a]{min-height:40px;order:3;position:relative;width:100%}@media(min-width:720px){.header-search-wrapper[data-v-65dcb70a]{width:220px}}@media(min-width:1024px){.header-search-wrapper[data-v-65dcb70a]{order:2;width:300px}}@media(min-width:1280px){.header-search-wrapper[data-v-65dcb70a]{width:300px}}
.search-input-wrapper[data-v-0d3acbb6]{background-color:#d8d8d8;border-radius:40px;color:#333;font-size:14px;height:34px;position:relative;transition:all .2s;width:100%;z-index:4}@media(min-width:720px){.search-input-wrapper[data-v-0d3acbb6]{font-size:12px}}.search-input-wrapper>*[data-v-0d3acbb6]{z-index:4}.search-input-wrapper>.search-input[data-v-0d3acbb6]{-webkit-appearance:none;-moz-appearance:none;appearance:none;border:none;color:#333;height:100%;outline:none;padding:0 30px 0 16px;width:100%}.search-input-wrapper.is-focussed[data-v-0d3acbb6]{background-color:#fff;border-radius:10px;box-shadow:0 2px 10px 0 rgba(0,0,0,.11);left:0;position:absolute;top:0}.search-input-wrapper.is-writing[data-v-0d3acbb6]{border-radius:10px 10px 0 0}.search-input-wrapper .search-input-icon[data-v-0d3acbb6]{align-items:center;background-color:transparent;border-radius:0 40px 40px 0;display:flex;height:100%;justify-content:center;opacity:.55;position:absolute;right:0;top:0;transition:all .2s;width:40px}.search-input-wrapper .search-input-icon .header-search-icon[data-v-0d3acbb6]{pointer-events:none}.search-input-wrapper .search-input-icon.is-focussed[data-v-0d3acbb6]{background-color:#f8ae00;border-radius:0 10px 10px 0;opacity:1}.search-input-wrapper .search-input-icon.is-writing[data-v-0d3acbb6]{border-radius:0 10px 0 0;cursor:pointer;opacity:1}@media(min-width:1024px){.search-input-wrapper[data-v-0d3acbb6]{height:40px}}
.suggestions-list-wrapper[data-v-5718a650]{background-color:#fff;border-radius:0 0 10px 10px;box-shadow:0 2px 10px 0 rgba(0,0,0,.11);left:0;position:absolute;top:40px;width:100%;z-index:4}@media(max-width:1024px){.suggestions-list-wrapper[data-v-5718a650]{top:34px}}.suggestions-list-wrapper .label-header[data-v-5718a650]{align-items:center;background-color:#f8f8f8;display:flex;height:33px;justify-content:space-between;width:100%}.suggestions-list-wrapper .label-header>div[data-v-5718a650]{padding:16px}.suggestions-list-wrapper .label-header .label[data-v-5718a650]{color:#9b9b9b;font-family:Nunito,sans-serif;font-size:15px;font-weight:500}.suggestions-list-wrapper .label-header .label[data-v-5718a650]> mark{font-size:13px;font-weight:300}.suggestions-list-wrapper .label-header .show-all>.link[data-v-5718a650]{color:#739ec9;font-family:Nunito,sans-serif;font-size:14px;font-weight:500}.suggestions-list-wrapper .suggestions-loader[data-v-5718a650]{align-items:center;display:flex;height:100px;justify-content:center;width:100%}.suggestions-list-wrapper .no-suggestions-for-query[data-v-5718a650]{align-items:center;display:flex;justify-content:center;padding:30px;text-align:center;width:100%}.suggestions-list-wrapper .show-all-bottom[data-v-5718a650]{align-items:center;background-color:#f8f8f8;border-radius:0 0 10px 10px;color:#739ec9;display:flex;font-family:Nunito,sans-serif;font-size:14px;font-weight:500;height:33px;padding-left:14px;width:100%}.suggestions-list-wrapper .show-all-bottom>.link[data-v-5718a650]{color:#739ec9}.base-fade-enter-active[data-v-5718a650],.base-fade-leave-active[data-v-5718a650]{transition:all .2s}.base-fade-enter[data-v-5718a650],.base-fade-leave-to[data-v-5718a650]{opacity:0}
.menu-action[data-v-a68d2cb8]{align-items:center;display:flex;flex:1 0 20%;justify-content:flex-end;order:2}.menu-action[data-v-a68d2cb8]>:last-child{padding-left:10px}@media(min-width:720px){.menu-action[data-v-a68d2cb8]{flex:1 0 auto;height:30px;order:1}}@media(min-width:1024px){.menu-action[data-v-a68d2cb8]{height:100%;order:2}.menu-action>*[data-v-a68d2cb8]{padding:0 12px}.menu-action[data-v-a68d2cb8]>:first-child{padding-left:0}.menu-action[data-v-a68d2cb8]>:last-child{padding-right:0}}
.avatar-and-menu-wrapper[data-v-4a561853]{position:relative}
.avatar-icon[data-v-17534b3c]{border-radius:50%;outline-offset:4px}@media(min-width:720px){.avatar-icon[data-v-17534b3c]{outline-offset:6px}}.avatar-icon-wrapper[data-v-17534b3c]{align-items:center;color:#333;cursor:pointer;display:flex;justify-content:center;position:relative}.avatar-icon-wrapper[data-v-17534b3c]:hover{color:#f8ae00}.avatar-initials[data-v-17534b3c]{font-family:Nunito,sans-serif;font-size:14px;font-weight:700;left:50%;position:absolute;top:50%;transform:translate(-50%,-50%)}@media(min-width:1024px){.avatar-initials[data-v-17534b3c]{font-size:11px}}
.account-hover-menu[data-v-26382d38]{background-color:#fff;border-radius:4px;box-shadow:0 2px 4px 0 rgba(0,0,0,.3);left:-154px;padding:0;position:absolute;top:45px;width:200px;z-index:10000}.account-hover-menu[data-v-26382d38]:before{border-bottom:12px solid #fff;border-left:6px solid transparent;border-right:6px solid transparent;content:"";height:0;position:absolute;right:25px;top:-12px;width:0;z-index:10000}.item-link-wrapper[data-v-26382d38]{cursor:pointer;display:block;-webkit-text-decoration:none;text-decoration:none}.item-link-wrapper:not(:last-child) .account-hover-menu-item[data-v-26382d38]{border-bottom:1px solid #d8d8d8}.account-hover-menu-item[data-v-26382d38]{display:flex;font-family:Nunito,sans-serif;font-size:14px;font-weight:300;padding:8px 20px}.account-hover-menu-item[data-v-26382d38]:hover{font-weight:500}
.nav-cart-button[data-v-1db13361]{display:flex;justify-content:center;padding:0;width:56px}.nav-cart-button-wrapper[data-v-1db13361]{border-radius:50%;color:#333;cursor:pointer;outline-offset:4px;position:relative}@media(min-width:720px){.nav-cart-button-wrapper[data-v-1db13361]{outline-offset:6px}}.nav-cart-button-wrapper[data-v-1db13361]:hover{color:#f8ae00}.nav-cart-button-badge[data-v-1db13361]{align-items:center;background-color:#f8ae00;border-radius:50%;color:#fff;cursor:pointer;display:flex;font-family:Nunito,sans-serif;font-size:12px;font-weight:700;height:22px;justify-content:center;position:absolute;right:-10px;top:-10px;width:22px;z-index:1}@media(min-width:1024px){.nav-cart-button-badge[data-v-1db13361]{height:21px;right:-11px;top:-9px;width:21px}}.nav-cart-button-badge.three-digits[data-v-1db13361]{font-size:11px}
.mega-drop-down-menu[data-v-94668c22]{background-color:#fff;box-shadow:0 20px 20px 0 rgba(0,0,0,.3);height:calc(100vh - var(--whole-header-height));left:0;position:absolute;top:100%;width:100%;z-index:200}@supports(-moz-appearance:none){.mega-drop-down-menu.firefox-fake-sticky[data-v-94668c22]{left:auto;position:static;top:auto}}@media(min-width:1024px){.mega-drop-down-menu[data-v-94668c22]{height:700px;max-height:calc((100vh - var(--whole-header-height))*.9)}}.menu-container[data-v-94668c22]{display:flex;height:100%;justify-content:flex-start;margin:0 auto;padding:0 22px;width:100%}@media(min-width:1024px){.menu-container[data-v-94668c22]{width:1024px}}@media(min-width:1280px){.menu-container[data-v-94668c22]{max-width:1480px;width:calc(75vw + 64px)}}.tablet-close-icon[data-v-94668c22]{cursor:pointer;position:absolute;right:20px;top:20px}.second-levels-wrapper[data-v-94668c22]{height:100%;position:relative;width:50%}.second-levels-wrapper[data-v-94668c22]:before{background-image:linear-gradient(0deg,#fff 19%,hsla(0,0%,100%,0));bottom:0;content:"";height:40px;position:absolute;width:calc(100% - 15px)}@media(min-width:1024px){.second-levels-wrapper[data-v-94668c22]{max-width:360px;width:28%}}.second-levels-inner-wrapper[data-v-94668c22]{box-shadow:3px 0 5px 0 rgba(0,0,0,.05);height:100%;overflow-y:auto;padding:15px 0 40px}.second-levels-list[data-v-94668c22]{list-style:none;margin:0;padding:0}.last-levels-wrapper[data-v-94668c22]{height:100%;overflow-y:auto;padding-left:25px;padding-top:15px;width:50%}@media(min-width:1024px){.last-levels-wrapper[data-v-94668c22]{height:auto;overflow-y:inherit;padding-left:40px;width:auto}}@media(min-width:1280px){.last-levels-wrapper[data-v-94668c22]{padding-left:4vw}}@media(min-width:1920px){.last-levels-wrapper[data-v-94668c22]{padding-left:77px}}.mddm-content-wrapper[data-v-94668c22]{height:100%;overflow-x:hidden;overflow-y:auto;width:50%}@media(min-width:1024px){.mddm-content-wrapper[data-v-94668c22]{display:block;width:auto}}@media(min-width:1024px){.mddm-content-wrapper[data-v-94668c22]::-webkit-scrollbar,.second-levels-wrapper[data-v-94668c22]::-webkit-scrollbar{width:10px}.mddm-content-wrapper[data-v-94668c22]::-webkit-scrollbar-track,.second-levels-wrapper[data-v-94668c22]::-webkit-scrollbar-track{background:#fff}.mddm-content-wrapper[data-v-94668c22]::-webkit-scrollbar-thumb,.second-levels-wrapper[data-v-94668c22]::-webkit-scrollbar-thumb{background-color:hsla(0,0%,61%,.3);border:3px solid #fff;border-radius:6px}}
.hero-home[data-v-5a9a8e8b]{width:100%}.hero-home[data-v-5a9a8e8b] a{color:inherit;-webkit-text-decoration:none;text-decoration:none}
.hero-home-inner[data-v-633f44dc]{height:100%;position:relative;width:100%}.hero-home-inner .hero-home-image[data-v-633f44dc]{align-items:flex-start;background-position:50%;background-size:cover;display:flex;height:420px;padding:47px 0;width:100%}.hero-home-inner .hero-home-image-content-left[data-v-633f44dc]{justify-content:flex-start;padding-left:22px;padding-right:22px}.hero-home-inner .hero-home-image-content-left .hero-home-content[data-v-633f44dc]{text-align:left}.hero-home-inner .hero-home-image-content-center[data-v-633f44dc]{justify-content:center}.hero-home-inner .hero-home-image-content-center .hero-home-content[data-v-633f44dc]{text-align:center}.hero-home-inner .hero-home-image.boxed[data-v-633f44dc]{padding:24px 22px}.hero-home-inner .hero-home-image.boxed .hero-home-content-inner[data-v-633f44dc]{border-radius:5px;box-shadow:0 2px 10px 0 rgba(0,0,0,.19);padding:24px 17px;width:100%}.hero-home-inner .hero-home-image.has-additional-description[data-v-633f44dc]{height:290px}.hero-home-inner .hero-home-content[data-v-633f44dc]{max-height:100%;width:100%}.hero-home-inner .hero-home-content-title[data-v-633f44dc]{font-family:"Libre Baskerville",serif;font-size:45px;letter-spacing:1.29px;line-height:.96}.hero-home-inner .hero-home-content-title-shadow[data-v-633f44dc]{text-shadow:0 0 20px rgba(0,0,0,.33)}.hero-home-inner .hero-home-content-subtitle[data-v-633f44dc]{font-family:Nunito,sans-serif;font-size:18px;font-weight:300;letter-spacing:normal;line-height:1.5;margin:21px 39px 0 0}.hero-home-inner .hero-home-content-subtitle-shadow[data-v-633f44dc]{text-shadow:0 0 11px #333}.hero-home-inner .hero-home-content-cta[data-v-633f44dc]{align-items:center;background-color:#f8ae00;border:2px solid #f8ae00;border-radius:20px;color:#fff;cursor:pointer;display:inline-flex;font-family:Nunito,sans-serif;font-size:15px;font-weight:500;height:40px;justify-content:space-around;line-height:40px;margin-top:33px;padding:0 20px;position:relative;-webkit-text-decoration:none;text-decoration:none;text-transform:uppercase;transition-duration:.2s;transition-property:background-color,border-color}.hero-home-inner .hero-home-content-cta[data-v-633f44dc]:hover{background-color:#f49626;border-color:#f49626}.hero-home-inner .hero-home-content-cta[data-v-633f44dc]:focus-visible{border-radius:20px;outline-color:blue;outline-offset:3px}.hero-home-inner .hero-home-content-cta[data-v-633f44dc]:focus-visible span{border-radius:20px}.hero-home-inner .hero-home-content-cta-shadow[data-v-633f44dc]{box-shadow:0 2px 10px 0 rgba(0,0,0,.33)}.hero-home-inner .hero-home-additional-description[data-v-633f44dc]{background-color:#f8f8f8;padding:25px 16px 23px 14px;text-align:center}.hero-home-inner .hero-home-additional-description-text[data-v-633f44dc]{color:#333;font-size:18px;font-weight:300;letter-spacing:normal;line-height:normal}.hero-home-inner .hero-home-additional-description-link[data-v-633f44dc]{background:url(data:image/svg+xml;base64,PD94bWwgdmVyc2lvbj0iMS4wIiBlbmNvZGluZz0iVVRGLTgiPz4KPHN2ZyB3aWR0aD0iMTJweCIgaGVpZ2h0PSIyM3B4IiB2aWV3Qm94PSIwIDAgMTIgMjMiIHZlcnNpb249IjEuMSIgeG1sbnM9Imh0dHA6Ly93d3cudzMub3JnLzIwMDAvc3ZnIiB4bWxuczp4bGluaz0iaHR0cDovL3d3dy53My5vcmcvMTk5OS94bGluayI+CiAgICA8dGl0bGU+RG93bjwvdGl0bGU+CiAgICA8ZyBpZD0iU3R5bGVndWlkZSIgc3Ryb2tlPSJub25lIiBzdHJva2Utd2lkdGg9IjEiIGZpbGw9Im5vbmUiIGZpbGwtcnVsZT0iZXZlbm9kZCI+CiAgICAgICAgPGcgdHJhbnNmb3JtPSJ0cmFuc2xhdGUoLTcwLjAwMDAwMCwgLTIwMjAuMDAwMDAwKSIgZmlsbD0iIzMzMzMzMyIgZmlsbC1ydWxlPSJub256ZXJvIiBpZD0iRG93biI+CiAgICAgICAgICAgIDxwYXRoIGQ9Ik02NS40NDE5MzY2LDIwMjYuNDk4OTQgQzY1LjY5MzUwOTQsMjAyNi4yMTg3NSA2Ni4xMDgyNzAxLDIwMjYuMTcyMTggNjYuNDEzMTY0NywyMDI2LjM3Mzk0IEw2Ni41MDEwNjQxLDIwMjYuNDQxOTQgTDc2LjAyMywyMDM0Ljk5MSBMODUuNDk4OTM1OSwyMDI2LjQ4NDY5IEM4NS43NzkxMjY3LDIwMjYuMjMzMTIgODYuMTk2NDg5MiwyMDI2LjIzMTM0IDg2LjQ3Nzk2OSwyMDI2LjQ2NDY2IEw4Ni41NTgwNjM0LDIwMjYuNTQxNjkgQzg2LjgwOTYzNjIsMjAyNi44MjE4OCA4Ni44MTE0MTYsMjAyNy4yMzkyNCA4Ni41NzgwOTc4LDIwMjcuNTIwNzIgTDg2LjUwMTA2NDEsMjAyNy42MDA4MiBMNzYuMDIzODA5LDIwMzcuMDA3OTUgTDY1LjQ5ODkzNTksMjAyNy41NTgwNiBDNjUuMTkwNzI2LDIwMjcuMjgxMzMgNjUuMTY1MjA2NSwyMDI2LjgwNzE1IDY1LjQ0MTkzNjYsMjAyNi40OTg5NCBaIiB0cmFuc2Zvcm09InRyYW5zbGF0ZSg3Ni4wMDAwMDAsIDIwMzEuNjI4OTcyKSByb3RhdGUoLTkwLjAwMDAwMCkgdHJhbnNsYXRlKC03Ni4wMDAwMDAsIC0yMDMxLjYyODk3MikgIj48L3BhdGg+CiAgICAgICAgPC9nPgogICAgPC9nPgo8L3N2Zz4=) no-repeat 100%;background-size:auto 12px;color:#333;display:table;font-size:14px;font-weight:500;letter-spacing:normal;line-height:normal;margin:15px auto 0;padding:0 14px 0 0;text-transform:uppercase}@media(min-width:720px){.hero-home-inner .hero-home-image[data-v-633f44dc]{align-items:center;height:500px;padding-bottom:0;padding-top:0}.hero-home-inner .hero-home-image.boxed .hero-home-content-inner[data-v-633f44dc]{display:inline-block;width:auto}.hero-home-inner .hero-home-image.has-additional-description[data-v-633f44dc]{height:400px}.hero-home-inner .hero-home-content-title[data-v-633f44dc]{font-size:70px;letter-spacing:2px;line-height:normal}}@media(min-width:1024px){.hero-home-inner .hero-home-image-content-left[data-v-633f44dc],.hero-home-inner .hero-home-image.boxed.hero-home-image-content-left[data-v-633f44dc]{padding-left:30px;padding-right:30px}.hero-home-inner .hero-home-image.has-additional-description[data-v-633f44dc]{height:500px}.hero-home-inner .hero-home-content[data-v-633f44dc]{margin:0 auto;max-width:1046px;width:100%}.hero-home-inner .hero-home-additional-description[data-v-633f44dc]{background-color:hsla(40,10%,94%,.85);bottom:0;left:50%;max-width:986px;padding:25px 83px;position:absolute;transform:translateX(-50%);width:100%}}
.highlight-boxes[data-v-8959531c]{background-color:#f2f1ef;padding:0;width:100%}.highlight-boxes-title[data-v-8959531c]{color:#333;font-family:"Libre Baskerville",serif;font-weight:400;letter-spacing:1.03px;padding-top:15px;text-align:center}.highlight-boxes-title[data-v-8959531c] h1{font-size:38px}.highlight-boxes-title[data-v-8959531c] h2{font-size:32px}.highlight-boxes-title[data-v-8959531c] h3{font-size:28px}.highlight-boxes-title[data-v-8959531c] h4{font-size:24px}.highlight-boxes-title[data-v-8959531c] h5{font-size:22px}.highlight-boxes-title[data-v-8959531c] h6{font-size:20px}@media(min-width:720px){.highlight-boxes-title[data-v-8959531c] h1{font-size:42px}.highlight-boxes-title[data-v-8959531c] h2{font-size:36px}.highlight-boxes-title[data-v-8959531c] h3{font-size:30px}.highlight-boxes-title[data-v-8959531c] h4{font-size:26px}}.highlight-boxes-scrollable[data-v-8959531c]{align-items:center;border-radius:2.5px;box-shadow:none;display:flex;height:100%;justify-content:flex-start;overflow-x:auto;overflow-y:hidden;padding:15px 0;scrollbar-color:hsla(0,0%,61%,.5) transparent;scrollbar-width:thin}.highlight-boxes-scrollable[data-v-8959531c]::-webkit-scrollbar{height:6px}.highlight-boxes-scrollable[data-v-8959531c]::-webkit-scrollbar-track{box-shadow:none}.highlight-boxes-scrollable[data-v-8959531c]::-webkit-scrollbar-thumb{background-color:hsla(0,0%,61%,.5);border-radius:2.5px}.highlight-boxes-scrollable[data-v-8959531c] .box{height:127px;margin-right:10px}.highlight-boxes-scrollable[data-v-8959531c] .box:first-child{margin-left:22px}.highlight-boxes-scrollable[data-v-8959531c] .box:last-child .box-inner{margin-right:22px}.highlight-boxes-scrollable[data-v-8959531c] .box a{color:inherit;-webkit-text-decoration:none;text-decoration:none}@media(min-width:720px){.highlight-boxes[data-v-8959531c]{padding:0}.highlight-boxes-title[data-v-8959531c]{padding-top:20px}.highlight-boxes-title+.highlight-boxes-scrollable[data-v-8959531c]{padding:20px 0 30px}.highlight-boxes-scrollable[data-v-8959531c]{padding:30px 0}.highlight-boxes-scrollable[data-v-8959531c] .box{height:150px;margin-right:15px;width:336px}}@media(min-width:1024px){.highlight-boxes[data-v-8959531c]{padding:0 30px}.highlight-boxes-title[data-v-8959531c]{padding-top:30px}.highlight-boxes-title+.highlight-boxes-scrollable[data-v-8959531c]{padding:20px 0 40px}.highlight-boxes-scrollable[data-v-8959531c]{align-items:center;display:flex;justify-content:flex-start;margin:0 auto;max-width:1046px;overflow-y:hidden;padding:40px 0}.highlight-boxes-scrollable[data-v-8959531c] .box{margin-right:15px}.highlight-boxes-scrollable[data-v-8959531c] .box:first-child{margin-left:0}.highlight-boxes-scrollable[data-v-8959531c] .box:last-child .box-inner{margin-right:0}.highlight-boxes-scrollable[data-v-8959531c] .box:last-of-type{margin-right:0}}
.box-inner[data-v-984ee736]{align-items:flex-start;box-shadow:0 -2px 20px 0 rgba(0,0,0,.11),-1px 0 4px 0 rgba(0,0,0,.2);display:flex;height:100%;justify-content:flex-start}.box-inner .box-image-wrapper[data-v-984ee736]{height:100%;overflow:hidden;position:relative;width:129px}.box-inner .box-image-wrapper .box-label[data-v-984ee736]{color:#fff;font-size:13px;font-weight:700;left:0;letter-spacing:.5px;line-height:normal;padding:5px 7px;position:absolute;text-align:center;text-transform:uppercase;top:0}.box-inner .box-image-wrapper img[data-v-984ee736]{height:auto;width:100%}.box-inner .box-text-wrapper[data-v-984ee736]{background-blend-mode:multiply;background-image:linear-gradient(180deg,#fff,#fff);display:flex;flex-direction:column;height:100%;opacity:.9;padding:0 10px;width:140px}.box-inner .box-text-wrapper .box-title[data-v-984ee736]{padding:10px 0 4px}.box-inner .box-text-wrapper .box-title[data-v-984ee736] h2,.box-inner .box-text-wrapper .box-title[data-v-984ee736] h3,.box-inner .box-text-wrapper .box-title[data-v-984ee736] h4,.box-inner .box-text-wrapper .box-title[data-v-984ee736] h5,.box-inner .box-text-wrapper .box-title[data-v-984ee736] h6{color:#333;font-family:"Libre Baskerville",serif;font-size:16px;font-weight:400;letter-spacing:.17px;line-height:1.06}.box-inner .box-text-wrapper .box-subtitle[data-v-984ee736]{color:#333;font-size:12px;font-weight:300;line-height:1.33}@media(min-width:720px){.box-inner .box-image-wrapper[data-v-984ee736]{width:152px}.box-inner .box-image-wrapper .box-label[data-v-984ee736]{font-size:11px;padding:3px 4px}.box-inner .box-image-wrapper img[data-v-984ee736]{width:100%}.box-inner .box-text-wrapper[data-v-984ee736]{padding:12px;width:166px}.box-inner .box-text-wrapper .box-title[data-v-984ee736]{padding:0 0 8px}.box-inner .box-text-wrapper .box-title[data-v-984ee736] h2,.box-inner .box-text-wrapper .box-title[data-v-984ee736] h3,.box-inner .box-text-wrapper .box-title[data-v-984ee736] h4,.box-inner .box-text-wrapper .box-title[data-v-984ee736] h5,.box-inner .box-text-wrapper .box-title[data-v-984ee736] h6{font-size:20px;letter-spacing:.2px;line-height:1.05}.box-inner .box-text-wrapper .box-subtitle[data-v-984ee736]{display:-webkit-box;font-size:13px;line-height:1.23;-webkit-line-clamp:2;-webkit-box-orient:vertical;overflow:hidden}.box-inner .box-text-wrapper .box-link-wrapper[data-v-984ee736]{align-items:center;display:flex;justify-content:flex-start;line-height:1;margin-top:auto}.box-inner .box-text-wrapper .box-link-wrapper .box-link[data-v-984ee736]{font-size:14px;font-weight:300;margin-right:4px}.box-inner .box-text-wrapper .box-link-wrapper .box-link-icon[data-v-984ee736]{transform:rotate(-90deg);stroke:#333}}@media(min-width:1024px){.box-inner .box-image-wrapper .box-label[data-v-984ee736]{font-size:13px;padding:4px 5px}.box-inner .box-text-wrapper[data-v-984ee736]{width:189px}.box-inner .box-text-wrapper .box-subtitle[data-v-984ee736]{display:block;font-size:13px;line-height:1.23}}
.store-carousel[data-v-4cef88ee]{margin:70px auto;max-width:900px}.store-carousel-inner-wrapper[data-v-4cef88ee]{position:relative}.store-carousel-title[data-v-4cef88ee]{color:#333;font-family:"Libre Baskerville",serif;font-weight:400;letter-spacing:1.03px}.store-carousel-title[data-v-4cef88ee] h1{font-size:38px}.store-carousel-title[data-v-4cef88ee] h2{font-size:32px}.store-carousel-title[data-v-4cef88ee] h3{font-size:28px}.store-carousel-title[data-v-4cef88ee] h4{font-size:24px}.store-carousel-title[data-v-4cef88ee] h5{font-size:22px}.store-carousel-title[data-v-4cef88ee] h6{font-size:20px}@media(min-width:720px){.store-carousel-title[data-v-4cef88ee] h1{font-size:42px}.store-carousel-title[data-v-4cef88ee] h2{font-size:36px}.store-carousel-title[data-v-4cef88ee] h3{font-size:30px}.store-carousel-title[data-v-4cef88ee] h4{font-size:26px}}.store-carousel-description[data-v-4cef88ee],.store-carousel-title[data-v-4cef88ee]{margin:0 16px 20px;text-align:center}.store-carousel-description[data-v-4cef88ee]{color:#737373;font-size:16px;margin-bottom:30px}.store-carousel-gallery-item[data-v-4cef88ee]{text-align:center}.store-carousel-gallery-item[data-v-4cef88ee] a{-webkit-text-decoration:none;text-decoration:none}.store-carousel-gallery-item a[data-v-4cef88ee]:focus-visible{outline:none}.store-carousel-gallery-item a[data-v-4cef88ee]:focus-visible img{outline:2px solid blue;outline-offset:2px}.store-carousel-gallery-item a[data-v-4cef88ee]:focus-visible h3{-webkit-text-decoration:underline;text-decoration:underline}.store-carousel-navigation[data-v-4cef88ee]{display:none}.store-carousel-navigation[data-v-4cef88ee] .swiper-button-next:focus-visible,.store-carousel-navigation[data-v-4cef88ee] .swiper-button-prev:focus-visible{outline:2px solid blue;outline-offset:2px;outline-offset:6px}.store-carousel-image[data-v-4cef88ee]{margin-bottom:16px;margin-top:4px}.store-carousel-image[data-v-4cef88ee] img{border-radius:50%;height:119px;width:119px}.store-carousel-caption[data-v-4cef88ee]{color:#333;font-family:"Libre Baskerville",serif;font-size:17px;font-weight:400;letter-spacing:.17px;line-height:1.06;margin:0 auto;max-width:120px;text-align:center}@media(min-width:720px){.store-carousel[data-v-4cef88ee]{padding:0 16px}.store-carousel-inner-wrapper[data-v-4cef88ee]{margin:0 auto;max-width:550px}.store-carousel-description[data-v-4cef88ee]{font-size:18px;margin:0 auto 30px;width:466px}.store-carousel-image[data-v-4cef88ee] img{height:137px;width:137px}.store-carousel-navigation[data-v-4cef88ee]{display:block}.store-carousel-navigation[data-v-4cef88ee] .swiper-button-next,.store-carousel-navigation[data-v-4cef88ee] .swiper-button-prev{border:2px solid #333;border-radius:50%;height:51px;margin:-40px -75px 0;width:51px}.store-carousel-navigation[data-v-4cef88ee] .svg-icon{width:8px}.store-carousel-navigation[data-v-4cef88ee] .svg-icon path{fill:#333;stroke:#333}}@media(min-width:1024px){.store-carousel-inner-wrapper[data-v-4cef88ee]{max-width:986px}}
.banner{background-color:#c9a973;color:#fff;margin:70px auto;position:relative}.banner-item{background-position:50%;background-repeat:no-repeat;background-size:cover}.banner img{max-width:100%;vertical-align:middle}.banner-content{align-items:flex-start;display:flex;flex-direction:column;justify-content:center;margin:0 auto;max-height:100%;padding:40px 30px;width:100%}.banner-content-title{color:#333;color:#fff;font-family:"Libre Baskerville",serif;font-weight:400;letter-spacing:1.03px;letter-spacing:1.43px;line-height:1;margin-bottom:31px;text-shadow:0 2px 10px rgba(0,0,0,.5)}.banner-content-title h1{font-size:38px}.banner-content-title h2{font-size:32px}.banner-content-title h3{font-size:28px}.banner-content-title h4{font-size:24px}.banner-content-title h5{font-size:22px}.banner-content-title h6{font-size:20px}@media(min-width:720px){.banner-content-title h1{font-size:42px}.banner-content-title h2{font-size:36px}.banner-content-title h3{font-size:30px}.banner-content-title h4{font-size:26px}}.banner-content-description{color:#fff;font-size:18px;font-weight:300;text-shadow:0 2px 10px rgba(0,0,0,.5)}.banner-content-description a{color:#fff}.banner--has-image .banner-content{height:100%;left:50%;position:absolute;top:50%;transform:translate(-50%,-50%);z-index:1}.banner-full-width .banner-image{width:100%}.banner-content-width,.banner-full-width .banner-content{max-width:986px}.banner .swiper-navigation{display:none}@media(min-width:720px){.banner-content{padding:47px 0}.banner-content-description{font-size:16px;max-width:60%}.banner-content-width .banner-content{padding-left:48px;padding-right:48px}.banner-full-width .banner-content{width:680px}.banner-content-width{max-width:680px}.banner .cms-banner-navigation .swiper-button-disabled{pointer-events:auto}.banner .swiper-navigation{display:block}.banner .swiper-navigation .swiper-button-next,.banner .swiper-navigation .swiper-button-prev{background-color:#fff;border-radius:50%;box-shadow:0 2px 10px 0 rgba(0,0,0,.11);height:51px;margin:-25px -35px 0;width:51px}.banner .swiper-navigation .svg-icon{width:8px}.banner .swiper-navigation .svg-icon path{fill:#333;stroke:#333}}@media(min-width:1280px){.banner-content{padding:100px 0}.banner-content-description{font-size:18px}.banner-content-width .banner-content{padding-left:70px;padding-right:70px}.banner-full-width .banner-content{width:986px}.banner-content-width{max-width:986px}}
.banner-inner-content .banner-image[data-v-96ad7a1c]{background-position:50%;background-size:cover;height:366px}.banner-inner-content .banner-content-anchor[data-v-96ad7a1c]{color:#fff;font-size:18px;margin-top:30px;-webkit-text-decoration:underline;text-decoration:underline}.banner-inner-content .banner-content-anchor.as-button[data-v-96ad7a1c]{align-items:center;background-color:#f8ae00;border:2px solid #f8ae00;border-radius:20px;color:#fff;cursor:pointer;display:inline-flex;font-family:Nunito,sans-serif;font-size:15px;font-weight:500;height:40px;justify-content:space-around;line-height:40px;padding:0 35px;position:relative;-webkit-text-decoration:none;text-decoration:none;text-transform:uppercase;transition-duration:.2s;transition-property:background-color,border-color}.banner-inner-content .banner-content-anchor.as-button[data-v-96ad7a1c]:hover{background-color:#f49626;border-color:#f49626}.banner-inner-content .banner-content-anchor.as-button[data-v-96ad7a1c]:focus-visible{border-radius:20px;outline-color:blue;outline-offset:3px}.banner-inner-content .banner-content-anchor.as-button:focus-visible span[data-v-96ad7a1c]{border-radius:20px}.banner-inner-content .banner-content-anchor.as-button span[data-v-96ad7a1c]{color:#fff}
.single-content-flex-wrapper[data-v-3721f2b3]{gap:15px}.single-content-flex-wrapper.bottom[data-v-3721f2b3],.single-content-flex-wrapper.left[data-v-3721f2b3],.single-content-flex-wrapper.right[data-v-3721f2b3]{display:flex;flex-direction:column}.single-content-flex-wrapper.bottom .single-content-image[data-v-3721f2b3]{margin-left:auto;margin-right:auto}@media(min-width:720px){.single-content-flex-wrapper.bottom .single-content-image.center[data-v-3721f2b3]{margin-left:auto;margin-right:auto}.single-content-flex-wrapper.bottom .single-content-image.left[data-v-3721f2b3]{margin-left:0;margin-right:auto}.single-content-flex-wrapper.bottom .single-content-image.right[data-v-3721f2b3]{margin-left:auto;margin-right:0}}.single-content-flex-wrapper.before[data-v-3721f2b3]{display:flex}.single-content-flex-wrapper.before img[data-v-3721f2b3]{margin-bottom:10px}.single-content-flex-wrapper.after[data-v-3721f2b3]{display:flex;flex-direction:column-reverse}.single-content-flex-wrapper.after+.single-content-cta[data-v-3721f2b3],.single-content-flex-wrapper.before+.single-content-cta[data-v-3721f2b3]{margin-top:15px}.single-content-flex-wrapper.after .single-content-image[data-v-3721f2b3],.single-content-flex-wrapper.before .single-content-image[data-v-3721f2b3]{margin-left:auto;margin-right:auto}@media(min-width:720px){.single-content-flex-wrapper.after .single-content-image.center[data-v-3721f2b3],.single-content-flex-wrapper.before .single-content-image.center[data-v-3721f2b3]{margin-left:auto;margin-right:auto}.single-content-flex-wrapper.after .single-content-image.left[data-v-3721f2b3],.single-content-flex-wrapper.before .single-content-image.left[data-v-3721f2b3]{margin-left:0;margin-right:auto}.single-content-flex-wrapper.after .single-content-image.right[data-v-3721f2b3],.single-content-flex-wrapper.before .single-content-image.right[data-v-3721f2b3]{margin-left:auto;margin-right:0}}.single-content-image-before-title[data-v-3721f2b3]{margin-left:auto;margin-right:auto}.single-content-image-before-title+.single-content-flex-wrapper[data-v-3721f2b3]{margin-top:15px}@media(min-width:720px){.single-content-image-before-title.center[data-v-3721f2b3]{margin-left:auto;margin-right:auto}.single-content-image-before-title.left[data-v-3721f2b3]{margin-left:0;margin-right:auto}.single-content-image-before-title.right[data-v-3721f2b3]{margin-left:auto;margin-right:0}}[data-v-3721f2b3].single-content{margin:70px auto;max-width:986px;padding:0 21px;text-align:center}[data-v-3721f2b3].single-content img{display:block;height:auto;max-width:100%}[data-v-3721f2b3].single-content .single-content-title{color:#333;font-family:"Libre Baskerville",serif;font-weight:400;letter-spacing:1.03px;margin:10px 0}[data-v-3721f2b3].single-content .single-content-title h1{font-size:38px}[data-v-3721f2b3].single-content .single-content-title h2{font-size:32px}[data-v-3721f2b3].single-content .single-content-title h3{font-size:28px}[data-v-3721f2b3].single-content .single-content-title h4{font-size:24px}[data-v-3721f2b3].single-content .single-content-title h5{font-size:22px}[data-v-3721f2b3].single-content .single-content-title h6{font-size:20px}@media(min-width:720px){[data-v-3721f2b3].single-content .single-content-title h1{font-size:42px}[data-v-3721f2b3].single-content .single-content-title h2{font-size:36px}[data-v-3721f2b3].single-content .single-content-title h3{font-size:30px}[data-v-3721f2b3].single-content .single-content-title h4{font-size:26px}}@media(min-width:720px){[data-v-3721f2b3].single-content .single-content-title-left{text-align:left}[data-v-3721f2b3].single-content .single-content-title-center{text-align:center}[data-v-3721f2b3].single-content .single-content-title-right{text-align:right}}[data-v-3721f2b3].single-content .single-content-title-small{font-size:36px}[data-v-3721f2b3].single-content .single-content-title-sans{font-family:Nunito,sans-serif;font-size:26px;text-transform:uppercase}@media(min-width:720px){[data-v-3721f2b3].single-content .single-content-flex-wrapper.bottom.single-content-image-left{text-align:left}[data-v-3721f2b3].single-content .single-content-flex-wrapper.bottom.single-content-image-center{text-align:center}[data-v-3721f2b3].single-content .single-content-flex-wrapper.bottom.single-content-image-right{text-align:right}}[data-v-3721f2b3].single-content .single-content-flex-wrapper .single-content-text{font-size:18px;width:100%}@media(min-width:720px){[data-v-3721f2b3].single-content .single-content-flex-wrapper .single-content-text-left{text-align:left}[data-v-3721f2b3].single-content .single-content-flex-wrapper .single-content-text-center{text-align:center}[data-v-3721f2b3].single-content .single-content-flex-wrapper .single-content-text-right{text-align:right}}[data-v-3721f2b3].single-content .single-content-flex-wrapper .single-content-text p:not(:last-child){margin-bottom:15px}[data-v-3721f2b3].single-content .single-content-cta{margin-top:20px}@media(min-width:720px){[data-v-3721f2b3].single-content .single-content-cta-left{text-align:left}[data-v-3721f2b3].single-content .single-content-cta-center{text-align:center}[data-v-3721f2b3].single-content .single-content-cta-right{text-align:right}}[data-v-3721f2b3].single-content .single-content-cta.as-button{align-items:center;background-color:#f8ae00;border:2px solid #f8ae00;border-radius:20px;color:#fff;cursor:pointer;display:inline-flex;font-family:Nunito,sans-serif;font-size:15px;font-weight:500;height:40px;justify-content:space-around;line-height:40px;margin-left:auto;margin-right:auto;padding:0 20px;position:relative;-webkit-text-decoration:none;text-decoration:none;text-transform:uppercase;transition-duration:.2s;transition-property:background-color,border-color}[data-v-3721f2b3].single-content .single-content-cta.as-button:hover{background-color:#f49626;border-color:#f49626}[data-v-3721f2b3].single-content .single-content-cta.as-button:focus-visible{border-radius:20px;outline-color:blue;outline-offset:3px}[data-v-3721f2b3].single-content .single-content-cta.as-button:focus-visible span{border-radius:20px}[data-v-3721f2b3].single-content .single-content-cta.as-button a{color:#fff;-webkit-text-decoration:none;text-decoration:none}[data-v-3721f2b3].single-content .single-content-cta-left.as-button{margin-left:0}[data-v-3721f2b3].single-content .single-content-cta-right.as-button{margin-right:0}@media(min-width:720px){[data-v-3721f2b3].single-content .single-content-flex-wrapper{align-items:flex-start;display:flex;justify-content:center}[data-v-3721f2b3].single-content .single-content-flex-wrapper.bottom{flex-direction:column}[data-v-3721f2b3].single-content .single-content-flex-wrapper.left{flex-direction:row;justify-content:space-around}[data-v-3721f2b3].single-content .single-content-flex-wrapper.left .single-content-image{max-width:60%;order:0}[data-v-3721f2b3].single-content .single-content-flex-wrapper.left .single-content-text{margin-bottom:0;margin-left:10px;order:1}[data-v-3721f2b3].single-content .single-content-flex-wrapper.right{flex-direction:row;justify-content:space-around}[data-v-3721f2b3].single-content .single-content-flex-wrapper.right .single-content-image{max-width:60%;order:1}[data-v-3721f2b3].single-content .single-content-flex-wrapper.right .single-content-text{margin-bottom:0;margin-right:10px;order:0}}[data-v-3721f2b3].multiple-content{display:flex;flex-wrap:wrap}[data-v-3721f2b3].multiple-content:not(:empty){margin-top:40px}[data-v-3721f2b3].multiple-content.circular-image img{border-radius:50%}[data-v-3721f2b3].multiple-content.line-on-text:not(.images-position-left) .multiple-content-item:before{background-color:#333;content:"";display:block;height:1px;margin:0 17px 14px 0;width:100%}[data-v-3721f2b3].multiple-content img{margin:0 auto 16px;max-width:100%}@media(min-width:720px){[data-v-3721f2b3].multiple-content img.Left{margin:0 auto 0 0}[data-v-3721f2b3].multiple-content img.Center{margin:0 auto}[data-v-3721f2b3].multiple-content img.Right{margin:0 0 0 auto}}[data-v-3721f2b3].multiple-content-cols2 .multiple-content-item{flex:0 0 100%}[data-v-3721f2b3].multiple-content-cols3 .multiple-content-item{flex:0 0 100%}[data-v-3721f2b3].multiple-content-cols4 .multiple-content-item{flex:0 0 100%}@media(min-width:720px){[data-v-3721f2b3].multiple-content-adaptive .multiple-content-item{flex:0 0 50%}[data-v-3721f2b3].multiple-content-cols2 .multiple-content-item{flex:0 0 50%}[data-v-3721f2b3].multiple-content-cols3 .multiple-content-item{flex:0 0 33.3333333333%}[data-v-3721f2b3].multiple-content-cols4 .multiple-content-item{flex:0 0 50%;margin-bottom:30px}[data-v-3721f2b3].multiple-content.images-position-left{flex-direction:column}[data-v-3721f2b3].multiple-content.images-position-left .multiple-content-item:not(:last-child){margin-bottom:30px}}@media(min-width:1024px){[data-v-3721f2b3].multiple-content-adaptive{flex-wrap:nowrap}[data-v-3721f2b3].multiple-content-adaptive .multiple-content-item{flex:1 1 auto}[data-v-3721f2b3].multiple-content-cols2{justify-content:center}[data-v-3721f2b3].multiple-content-cols2 .multiple-content-item{flex:0 0 33%;margin:0 7px}[data-v-3721f2b3].multiple-content-cols2.big-image .multiple-content-item{flex:0 0 50%;margin:0}[data-v-3721f2b3].multiple-content-cols3 .multiple-content-item{flex:0 0 33.3333333333%}[data-v-3721f2b3].multiple-content-cols4 .multiple-content-item{flex:0 0 25%}[data-v-3721f2b3].multiple-content.images-position-left{flex-direction:column}[data-v-3721f2b3].multiple-content.images-position-left .multiple-content-item{flex:1 0 100%}[data-v-3721f2b3].multiple-content.images-position-left .multiple-content-item:not(:last-child){margin-bottom:60px}}
.repeatable-single-content{margin:0 auto;padding:0 7.5px 50px;text-align:center}.repeatable-single-content-inner{position:relative}.repeatable-single-content-inner-title{color:#333;font-family:"Libre Baskerville",serif;font-size:22px;font-weight:700;letter-spacing:.23px;line-height:1;margin:20px 0 14px;text-align:center}.repeatable-single-content-inner-title h2,.repeatable-single-content-inner-title h3,.repeatable-single-content-inner-title h4,.repeatable-single-content-inner-title h5,.repeatable-single-content-inner-title h6{font-weight:700}@media(min-width:720px){.repeatable-single-content-inner-title-left{text-align:left}.repeatable-single-content-inner-title-center{text-align:center}.repeatable-single-content-inner-title-right{text-align:right}}.repeatable-single-content-inner-title-small{font-size:20px}.repeatable-single-content-inner-title-sans{font-family:Nunito,sans-serif}.repeatable-single-content-inner-text{color:#737373;font-size:15px;font-stretch:normal;font-style:normal;font-weight:300;letter-spacing:normal;line-height:normal}@media(min-width:720px){.repeatable-single-content-inner-text-left{text-align:left}.repeatable-single-content-inner-text-center{text-align:center}.repeatable-single-content-inner-text-right{text-align:right}}.repeatable-single-content-inner-cta{margin-left:auto;margin-right:auto;margin-top:15px}@media(min-width:720px){.repeatable-single-content-inner-cta-left{text-align:left}.repeatable-single-content-inner-cta-center{text-align:center}.repeatable-single-content-inner-cta-right{text-align:right}}.repeatable-single-content-inner-cta.as-button{align-items:center;background-color:#f8ae00;border:2px solid #f8ae00;border-radius:20px;color:#fff;cursor:pointer;display:inline-flex;display:flex;font-family:Nunito,sans-serif;font-size:15px;font-weight:500;height:40px;justify-content:space-around;line-height:40px;padding:0 20px;position:relative;-webkit-text-decoration:none;text-decoration:none;text-transform:uppercase;transition-duration:.2s;transition-property:background-color,border-color;width:-moz-fit-content;width:fit-content}.repeatable-single-content-inner-cta.as-button:hover{background-color:#f49626;border-color:#f49626}.repeatable-single-content-inner-cta.as-button:focus-visible{border-radius:20px;outline-color:blue;outline-offset:3px}.repeatable-single-content-inner-cta.as-button:focus-visible span{border-radius:20px}.repeatable-single-content-inner-cta.as-button a{color:#fff;-webkit-text-decoration:none;text-decoration:none}@media(min-width:720px){.repeatable-single-content-inner-cta-left.as-button{margin:15px auto 0 0}.repeatable-single-content-inner-cta-center.as-button{margin:15px auto 0}.repeatable-single-content-inner-cta-right.as-button{margin:15px 0 0 auto}}.repeatable-single-content-inner-items .repeatable-single-content-primary{flex-direction:column}.images-position-left .repeatable-single-content .repeatable-single-content{max-width:none}.images-position-left .repeatable-single-content .repeatable-single-content-primary{gap:24px}.images-position-left .repeatable-single-content .repeatable-single-content-primary .repeatable-single-content-image{margin:0 auto 15px}.images-position-left .repeatable-single-content .repeatable-single-content-primary .repeatable-single-content-inner-title{font-size:30px;margin:0 0 14px}.images-position-left .repeatable-single-content .repeatable-single-content-primary .repeatable-single-content-inner-title h2,.images-position-left .repeatable-single-content .repeatable-single-content-primary .repeatable-single-content-inner-title h3,.images-position-left .repeatable-single-content .repeatable-single-content-primary .repeatable-single-content-inner-title h4,.images-position-left .repeatable-single-content .repeatable-single-content-primary .repeatable-single-content-inner-title h5,.images-position-left .repeatable-single-content .repeatable-single-content-primary .repeatable-single-content-inner-title h6{font-weight:400}.images-position-left .repeatable-single-content .repeatable-single-content-primary .repeatable-single-content-inner-title-small{font-size:20px}.images-position-left .repeatable-single-content .repeatable-single-content-primary .repeatable-single-content-inner-text{font-size:18px}@media(min-width:720px){.repeatable-single-content{padding-bottom:7.5px}.images-position-left .repeatable-single-content .repeatable-single-content-primary{align-items:center;display:flex;justify-content:space-between}.images-position-left .repeatable-single-content .repeatable-single-content-primary-inverted{flex-direction:row-reverse}.images-position-left .repeatable-single-content .repeatable-single-content-primary .repeatable-single-content-image{margin:0;max-width:50%}.images-position-left .repeatable-single-content .repeatable-single-content-primary .repeatable-single-content-inner{flex:1}}
.linked-images-boxes-wrapper[data-v-5ca0e040]{margin:70px auto;max-width:986px;padding:0 16px}.linked-images-boxes-wrapper.has-gutter[data-v-5ca0e040]{padding:35px 16px}.linked-images-boxes img[data-v-5ca0e040]{display:block;margin:0 auto}.linked-images-boxes-title[data-v-5ca0e040]{color:#333;font-family:"Libre Baskerville",serif;font-weight:400;letter-spacing:1.03px}.linked-images-boxes-title[data-v-5ca0e040] h1{font-size:38px}.linked-images-boxes-title[data-v-5ca0e040] h2{font-size:32px}.linked-images-boxes-title[data-v-5ca0e040] h3{font-size:28px}.linked-images-boxes-title[data-v-5ca0e040] h4{font-size:24px}.linked-images-boxes-title[data-v-5ca0e040] h5{font-size:22px}.linked-images-boxes-title[data-v-5ca0e040] h6{font-size:20px}@media(min-width:720px){.linked-images-boxes-title[data-v-5ca0e040] h1{font-size:42px}.linked-images-boxes-title[data-v-5ca0e040] h2{font-size:36px}.linked-images-boxes-title[data-v-5ca0e040] h3{font-size:30px}.linked-images-boxes-title[data-v-5ca0e040] h4{font-size:26px}}.linked-images-boxes-description[data-v-5ca0e040],.linked-images-boxes-title[data-v-5ca0e040]{margin-bottom:20px;text-align:center}.linked-images-boxes-description[data-v-5ca0e040]{color:#737373;font-size:18px}.linked-images-boxes .card[data-v-5ca0e040]{display:flex;flex-direction:column;margin-bottom:15px;margin-top:15px;max-width:450px;min-height:60px;padding:0 5px}.linked-images-boxes .card>a[data-v-5ca0e040],.linked-images-boxes .card>div[data-v-5ca0e040]{display:block}@media(max-width:calc(1024px - 1px)){.linked-images-boxes .card[data-v-5ca0e040]{max-width:50%}}.linked-images-boxes .card.card-rectangular[data-v-5ca0e040] .card-text,.linked-images-boxes .card.card-rectangular[data-v-5ca0e040] .card-title{padding-right:14px}.linked-images-boxes .card.card-rectangular[data-v-5ca0e040].card-centered .card-text,.linked-images-boxes .card.card-rectangular[data-v-5ca0e040].card-centered .card-title{padding:0 14px}.linked-images-boxes .card.card-title-boxed[data-v-5ca0e040] .card-title{background:hsla(0,0%,97%,.9);bottom:0;font-size:20px;margin:0;min-height:2.9em;padding:0 14px;position:absolute;width:100%}.linked-images-boxes .card.card-title-boxed[data-v-5ca0e040] .card-title *{align-self:center;width:100%}.linked-images-boxes .card.card-title-boxed[data-v-5ca0e040] .card-text{margin-top:15px}.linked-images-boxes .card.card-title-sans[data-v-5ca0e040] .card-header .card-title{font-family:Nunito,sans-serif;font-size:15px}.linked-images-boxes .card.card-title-sans[data-v-5ca0e040] .card-text{font-size:14px}.linked-images-boxes .card-rectangular[data-v-5ca0e040] img{height:auto;vertical-align:bottom;width:100%}.linked-images-boxes .card-circular[data-v-5ca0e040] img{border-radius:50%;max-width:100%}.linked-images-boxes .card-left[data-v-5ca0e040]{text-align:left}.linked-images-boxes .card-left[data-v-5ca0e040] .card-title{justify-content:flex-start}.linked-images-boxes .card-centered[data-v-5ca0e040]{text-align:center}.linked-images-boxes-cta[data-v-5ca0e040]{margin:0 auto 20px;text-align:center}.linked-images-boxes-cta[data-v-5ca0e040].as-button a{align-items:center;background-color:#f8ae00;border:2px solid #f8ae00;border-radius:20px;color:#fff;cursor:pointer;display:inline-flex;font-family:Nunito,sans-serif;font-size:15px;font-weight:500;height:40px;justify-content:space-around;line-height:40px;padding:0 20px;position:relative;-webkit-text-decoration:none;text-decoration:none;text-transform:uppercase;transition-duration:.2s;transition-property:background-color,border-color}.linked-images-boxes-cta[data-v-5ca0e040].as-button a:hover{background-color:#f49626;border-color:#f49626}.linked-images-boxes-cta[data-v-5ca0e040].as-button a:focus-visible{border-radius:20px;outline-color:blue;outline-offset:3px}.linked-images-boxes-cta[data-v-5ca0e040].as-button a:focus-visible span{border-radius:20px}.linked-images-boxes-cta[data-v-5ca0e040].as-button a span{color:#fff}.linked-images-boxes .cards[data-v-5ca0e040]{display:flex;flex-wrap:wrap;justify-content:space-around;list-style:none;margin:0;padding:0}.linked-images-boxes .cards-cols2 .card[data-v-5ca0e040]{flex:0 0 50%;max-width:50%}.linked-images-boxes .cards-cols3 .card[data-v-5ca0e040]{flex:0 0 33.3333333333%;max-width:33.3333333333%}.linked-images-boxes .cards-cols4 .card[data-v-5ca0e040]{flex:0 0 25%;max-width:25%}.linked-images-boxes .cards-cols5 .card[data-v-5ca0e040]{flex:0 0 20%;max-width:20%}@media(min-width:720px){.linked-images-boxes .cards-cols6 .card[data-v-5ca0e040]{flex:0 0 33.3333333333%;max-width:33.3333333333%}.linked-images-boxes .cards-cols2 .card[data-v-5ca0e040] .card-text{margin-left:auto;margin-right:auto;max-width:70%}}@media(min-width:1024px){.linked-images-boxes .cards-cols6 .card[data-v-5ca0e040]{flex:0 0 16.6666666667%;max-width:16.6666666667%}.linked-images-boxes .cards-cols6 .card-circular[data-v-5ca0e040] img{height:135px;width:135px}.linked-images-boxes .cards-cols5 .card-circular[data-v-5ca0e040] img{height:163px;width:163px}.linked-images-boxes .cards-cols4 .card-circular[data-v-5ca0e040] img{height:204px;width:204px}.linked-images-boxes .cards-cols3 .card-circular[data-v-5ca0e040] img{height:202px;width:202px}.linked-images-boxes .cards-cols2 .card-circular[data-v-5ca0e040] img{height:246px;width:246px}}@media(max-width:calc(1024px - 1px)){.linked-images-boxes .card-circular[data-v-5ca0e040] img{height:auto;max-width:176px}.linked-images-boxes .cards-cols5 .card-circular[data-v-5ca0e040] img{max-width:108px}.linked-images-boxes .cards-cols4 .card-circular[data-v-5ca0e040] img{max-width:140px}.linked-images-boxes .cards-cols3 .card-circular[data-v-5ca0e040] img{max-width:144px}}@media(max-width:720px){.linked-images-boxes .cards[data-v-5ca0e040]{display:block}.linked-images-boxes .cards .card[data-v-5ca0e040]{max-width:100%}.linked-images-boxes .cards-cols2 .card[data-v-5ca0e040],.linked-images-boxes .cards-cols3 .card[data-v-5ca0e040],.linked-images-boxes .cards-cols4 .card[data-v-5ca0e040],.linked-images-boxes .cards-cols5 .card[data-v-5ca0e040],.linked-images-boxes .cards-cols6 .card[data-v-5ca0e040]{flex:1 0 auto;max-width:100%}.linked-images-boxes-side-by-side .cards[data-v-5ca0e040]{display:flex}.linked-images-boxes-side-by-side .cards .card-circular[data-v-5ca0e040]{max-width:50%}.linked-images-boxes-side-by-side .cards .card-circular[data-v-5ca0e040] img{max-width:100%}.linked-images-boxes-side-by-side .cards-cols2 .card[data-v-5ca0e040],.linked-images-boxes-side-by-side .cards-cols3 .card[data-v-5ca0e040],.linked-images-boxes-side-by-side .cards-cols4 .card[data-v-5ca0e040],.linked-images-boxes-side-by-side .cards-cols5 .card[data-v-5ca0e040],.linked-images-boxes-side-by-side .cards-cols6 .card[data-v-5ca0e040]{max-width:50%}.linked-images-boxes-side-by-side .cards-cols2 .card-circular[data-v-5ca0e040] img,.linked-images-boxes-side-by-side .cards-cols3 .card-circular[data-v-5ca0e040] img,.linked-images-boxes-side-by-side .cards-cols4 .card-circular[data-v-5ca0e040] img,.linked-images-boxes-side-by-side .cards-cols5 .card-circular[data-v-5ca0e040] img,.linked-images-boxes-side-by-side .cards-cols6 .card-circular[data-v-5ca0e040] img{max-width:131px}}
.card-inner .card-header[data-v-76b70c1c]{position:relative}.card-inner .card-header figure[data-v-76b70c1c]{margin:0 auto;overflow:hidden;width:100%}.card-inner .card-header figure img[data-v-76b70c1c]{height:auto;width:100%}.card-inner .card-text[data-v-76b70c1c]{font-size:16px;margin:5px 0 25px}.card-inner .card-text[data-v-76b70c1c],.card-inner .card-title[data-v-76b70c1c]{color:#333;-webkit-text-decoration:none;text-decoration:none}.card-inner .card-title[data-v-76b70c1c]{align-items:center;display:flex;font-family:"Libre Baskerville",serif;font-size:22px;justify-content:center;line-height:normal;margin-bottom:0;margin-top:20px}@media(max-width:calc(1024px - 1px)){.card-inner .card-title[data-v-76b70c1c]{font-size:18px}}.card-inner .card-cta[data-v-76b70c1c]{display:inline-block;margin:0 auto 20px;text-align:center}@media(min-width:720px){.card-inner .card-cta[data-v-76b70c1c]{margin-bottom:0}}.card-inner .card-cta.as-button[data-v-76b70c1c]{align-items:center;background-color:#f8ae00;border:2px solid #f8ae00;border-radius:20px;color:#fff;cursor:pointer;display:inline-flex;font-family:Nunito,sans-serif;font-size:15px;font-weight:500;height:40px;justify-content:space-around;line-height:40px;padding:0 20px;position:relative;-webkit-text-decoration:none;text-decoration:none;text-transform:uppercase;transition-duration:.2s;transition-property:background-color,border-color}.card-inner .card-cta.as-button[data-v-76b70c1c]:hover{background-color:#f49626;border-color:#f49626}.card-inner .card-cta.as-button[data-v-76b70c1c]:focus-visible{border-radius:20px;outline-color:blue;outline-offset:3px}.card-inner .card-cta.as-button:focus-visible span[data-v-76b70c1c]{border-radius:20px}.card-inner .card-cta.as-button span[data-v-76b70c1c]{color:#fff}@media(min-width:720px){.card-inner .card-text[data-v-76b70c1c]{margin-top:15px}.card-inner .card-title[data-v-76b70c1c]{margin-bottom:10px}}.card-inner>a[data-v-76b70c1c]{display:block;-webkit-text-decoration:none;text-decoration:none}
.swiper-container-mobile{display:block;max-width:100%;overflow:hidden}@media(min-width:720px){.swiper-container-mobile{display:none}}.swiper-container-desktop{display:none}@media(min-width:720px){.swiper-container-desktop{display:block;overflow:hidden}}.cms-product-cards--visible{margin:70px auto;text-align:center}.cms-product-cards.has-gutter{padding:35px 0}.cms-product-cards-title{color:#333;font-family:"Libre Baskerville",serif;font-weight:400;letter-spacing:1.03px;margin-bottom:16px;padding:0 20px;text-align:center}.cms-product-cards-title h1{font-size:38px}.cms-product-cards-title h2{font-size:32px}.cms-product-cards-title h3{font-size:28px}.cms-product-cards-title h4{font-size:24px}.cms-product-cards-title h5{font-size:22px}.cms-product-cards-title h6{font-size:20px}@media(min-width:720px){.cms-product-cards-title h1{font-size:42px}.cms-product-cards-title h2{font-size:36px}.cms-product-cards-title h3{font-size:30px}.cms-product-cards-title h4{font-size:26px}}.cms-product-cards-description{color:#737373;font-size:18px;font-weight:300;line-height:normal;margin-bottom:40px;padding:0 20px;text-align:center}.cms-product-cards .cms-product-cards-link{color:#739ec9;display:table;font-size:15px;font-weight:300;margin:16px auto 0;text-align:center}.cms-product-cards .swiper-container{max-width:100%}.cms-product-cards-carousel{padding:10px 0}.cms-product-cards-carousel--has-pagination{padding-bottom:50px}.cms-product-cards .swiper-slide.swiper-slide-featured{width:489px!important}.cms-product-cards .swiper-slide.swiper-slide-featured .product-card-wrapper{height:440px;width:489px}.cms-product-cards .swiper-slide.swiper-slide-featured .product-card-wrapper .product-card{width:489px}.cms-product-cards .swiper-slide .product-card-wrapper{height:auto;width:90%}.cms-product-cards .swiper-slide .product-card-wrapper .product-card{width:100%}@media(min-width:720px){.cms-product-cards .swiper-slide:first-of-type{margin-left:20px}.cms-product-cards .swiper-slide .product-card-wrapper{width:235px}}@media(min-width:1024px){.cms-product-cards--visible{margin:70px auto;padding:0 10px;text-align:center}.cms-product-cards .swiper-slide:first-of-type{margin-left:0}}
.cms-product-cards-inner .swiper-navigation.cms-product-cards-carousel-navigation[data-v-6dc1bbe5]{display:none}@media(min-width:1024px){.cms-product-cards-inner[data-v-6dc1bbe5]{display:inline-block;margin:0 auto;padding:0 30px;position:relative;width:auto}.cms-product-cards-inner .swiper-navigation.cms-product-cards-carousel-navigation[data-v-6dc1bbe5]{display:block}.cms-product-cards-inner .swiper-navigation.cms-product-cards-carousel-navigation[data-v-6dc1bbe5] .swiper-button-next,.cms-product-cards-inner .swiper-navigation.cms-product-cards-carousel-navigation[data-v-6dc1bbe5] .swiper-button-prev{background-color:#fff;border-radius:50%;box-shadow:0 2px 10px 0 rgba(0,0,0,.11);height:51px;margin:-50px -4px 0;width:51px}.cms-product-cards-inner .swiper-navigation.cms-product-cards-carousel-navigation[data-v-6dc1bbe5] .svg-icon{width:8px}.cms-product-cards-inner .swiper-navigation.cms-product-cards-carousel-navigation[data-v-6dc1bbe5] .svg-icon path{fill:#333;stroke:#333}.cms-product-cards-inner.cards-per-view-4[data-v-6dc1bbe5]{padding:0}.cms-product-cards-inner.cards-per-view-4 .swiper-navigation.cms-product-cards-carousel-navigation[data-v-6dc1bbe5] .swiper-button-next,.cms-product-cards-inner.cards-per-view-4 .swiper-navigation.cms-product-cards-carousel-navigation[data-v-6dc1bbe5] .swiper-button-prev{margin:-50px -15px}}@media(min-width:calc(1024px + 56px)){.cms-product-cards-inner.cards-per-view-4[data-v-6dc1bbe5]{padding:0 30px}.cms-product-cards-inner.cards-per-view-4 .swiper-navigation.cms-product-cards-carousel-navigation[data-v-6dc1bbe5] .swiper-button-next,.cms-product-cards-inner.cards-per-view-4 .swiper-navigation.cms-product-cards-carousel-navigation[data-v-6dc1bbe5] .swiper-button-prev{margin:-50px -4px}}
.product-card-container[data-v-4eb474b4]{align-items:center;display:flex;height:100%;justify-content:center;width:100%}.product-card-wrapper[data-v-4eb474b4]{perspective:1000px;position:relative;transform-style:preserve-3d;transition:transform .6s;width:174px}.product-card-wrapper.isRotated[data-v-4eb474b4]{transform:rotateY(-180deg)}.product-card-wrapper>.product-card[data-v-4eb474b4],.product-card-wrapper>.product-card-back[data-v-4eb474b4]{align-items:center;backface-visibility:hidden;background-color:#fff;display:flex;flex-direction:column;height:100%;justify-content:center;position:absolute;width:100%}.product-card-wrapper>.product-card-back[data-v-4eb474b4]{background-color:#fff;box-shadow:0 2px 10px 0 rgba(0,0,0,.1);color:#000;left:0;top:0;transform:rotateY(-180deg);z-index:3}.product-card-wrapper .product-card[data-v-4eb474b4]{align-items:center;box-shadow:0 2px 10px 0 rgba(0,0,0,.1);display:flex;flex-direction:column;height:100%;justify-content:center;padding:10px;position:relative;width:100%;z-index:1}@media(min-width:720px){.product-card-wrapper .product-card[data-v-4eb474b4]{padding:14px}}.product-card-wrapper .product-card .product-card-event-label-wrapper[data-v-4eb474b4]{left:5px;position:absolute;top:5px;z-index:3}.product-card-wrapper .product-card .product-card-content[data-v-4eb474b4]{display:flex;flex-direction:column;height:100%;justify-content:space-between;width:100%}.product-card-wrapper .product-card .product-card-content .product-link[data-v-4eb474b4]{color:inherit;cursor:pointer;-webkit-text-decoration:none;text-decoration:none;width:100%}.product-card-wrapper .product-card .product-card-content .product-card-image-name-manufacturer[data-v-4eb474b4]{display:flex;flex-direction:column;width:100%}.product-card-wrapper .product-card .product-card-content .product-card-image-name-manufacturer .product-card-image[data-v-4eb474b4]{min-height:146px;position:relative;width:100%}.product-card-wrapper .product-card .product-card-content .product-card-image-name-manufacturer .product-card-image>.product-image[data-v-4eb474b4]{display:block;height:auto;margin:0 auto;max-width:100%}.product-card-wrapper .product-card .product-card-content .product-card-image-name-manufacturer .product-card-image>.product-image.circle[data-v-4eb474b4]{border-radius:50%}.product-card-wrapper .product-card .product-card-content .product-card-image-name-manufacturer .product-card-image>.product-image.rounded[data-v-4eb474b4]{border-radius:17px!important}.product-card-wrapper .product-card .product-card-content .product-card-image-name-manufacturer .product-badge[data-v-4eb474b4]{bottom:0;left:50%;position:absolute;transform:translateX(-50%)}.product-card-wrapper .product-card .product-card-content .product-card-image-name-manufacturer .product-card-name[data-v-4eb474b4]{color:#333;display:flex;font-family:Nunito,sans-serif;font-size:15px;font-weight:300;height:45px;justify-content:center;margin-top:12px;text-align:center;text-transform:uppercase;width:100%}.product-card-wrapper .product-card .product-card-content .product-card-image-name-manufacturer .product-card-name>span[data-v-4eb474b4]{display:-webkit-box;-webkit-box-orient:vertical;-webkit-line-clamp:2;-moz-line-clamp:2;overflow:hidden}.product-card-wrapper .product-card .product-card-content .product-card-image-name-manufacturer .product-card-manufacturer[data-v-4eb474b4]{align-items:center;color:#9b9b9b;display:flex;font-family:Nunito,sans-serif;font-size:13px;justify-content:center;margin-top:8px;min-height:22px;text-align:center;width:100%}.product-card-wrapper .product-card .product-card-content .product-card-image-name-manufacturer .product-card-manufacturer>.manufacturer-icon[data-v-4eb474b4]{margin-bottom:4px;margin-right:5px}.product-card-wrapper .product-card .product-card-content .product-card-image-name-manufacturer .product-card-manufacturer>span[data-v-4eb474b4]{display:-webkit-box;-webkit-box-orient:vertical;-webkit-line-clamp:1;-moz-line-clamp:1;overflow:hidden}.product-card-wrapper .product-card .product-card-content .product-card-price-add-info[data-v-4eb474b4]{width:100%}.product-card-wrapper .product-card .product-card-content .product-card-price-add-info .product-card-info[data-v-4eb474b4]{align-items:flex-end;display:flex;flex-direction:row;margin-bottom:8px;margin-top:4px}.product-card-wrapper .product-card .product-card-content .product-card-price-add-info .product-card-info>.item-info[data-v-4eb474b4]{display:flex;flex-direction:column;font-family:Nunito,sans-serif;justify-content:flex-end;text-align:left}.product-card-wrapper .product-card .product-card-content .product-card-price-add-info .product-card-info>.item-info div[data-v-4eb474b4]:first-child{color:#9b9b9b;font-size:13px;height:16px;white-space:nowrap}.product-card-wrapper .product-card .product-card-content .product-card-price-add-info .product-card-info>.item-info div:first-child.event-date[data-v-4eb474b4]{color:#9b9b9b;flex:1;font-weight:300}.product-card-wrapper .product-card .product-card-content .product-card-price-add-info .product-card-info>.item-info div[data-v-4eb474b4]:nth-child(2){color:#333;font-size:13px;font-weight:700;margin-bottom:0}.product-card-wrapper .product-card .product-card-content .product-card-price-add-info .product-card-info>.item-info div:nth-child(2).event-meetings[data-v-4eb474b4]{color:#333;font-weight:500}.product-card-wrapper .product-card .product-card-content .product-card-price-add-info .product-card-info>.price[data-v-4eb474b4]{display:flex;flex-direction:column;font-family:Nunito,sans-serif;justify-content:flex-end;margin-left:auto;text-align:right}.product-card-wrapper .product-card .product-card-content .product-card-price-add-info .product-card-info>.price div.original-price[data-v-4eb474b4]{color:#737373;font-size:10px;height:16px;margin-bottom:0;-webkit-text-decoration:line-through;text-decoration:line-through}.product-card-wrapper .product-card .product-card-content .product-card-price-add-info .product-card-info>.price div.final-price[data-v-4eb474b4]{color:#f8ae00;font-size:20px;font-weight:700;line-height:normal;margin-bottom:0;white-space:nowrap}.product-card-wrapper .product-card .product-card-content .product-card-price-add-info .product-card-info>.price div.free[data-v-4eb474b4]{color:#8aaa33;font-family:Nunito,sans-serif;font-size:13px;font-weight:700}.product-card-wrapper .product-card .product-card-content .product-card-price-add-info .product-card-add[data-v-4eb474b4]{align-items:center;display:flex;justify-content:center}.product-card-wrapper.reduced .product-card .product-card-content .product-card-manufacturer[data-v-4eb474b4]{min-height:18px}.product-card-wrapper.reduced .product-card .product-card-content .product-card-price-add-info .product-card-info[data-v-4eb474b4]{margin-top:8px}.product-card-wrapper.reduced .product-card .product-card-content .product-card-price-add-info .product-card-info>.price div.final-price[data-v-4eb474b4]{font-size:17px}@media(max-width:320px){.product-card-wrapper[data-v-4eb474b4]{width:100%}}@media(max-width:375px){.product-card-wrapper .product-card-content .product-card-price-add-info .product-card-info>.item-info div[data-v-4eb474b4]:first-child,.product-card-wrapper .product-card-content .product-card-price-add-info .product-card-info>.item-info div[data-v-4eb474b4]:nth-child(2){font-size:11px}.product-card-wrapper .product-card-content .product-card-price-add-info .product-card-info>.price div.original-price[data-v-4eb474b4]{font-size:9px}.product-card-wrapper .product-card-content .product-card-price-add-info .product-card-info>.price div.final-price[data-v-4eb474b4]{font-size:16px}}@media(min-width:720px){.product-card-wrapper[data-v-4eb474b4]{width:235px}.product-card-wrapper .product-card[data-v-4eb474b4]{padding:17px}.product-card-wrapper .product-card .product-card-content .product-card-image-name-manufacturer .product-card-image[data-v-4eb474b4]{min-height:200px}.product-card-wrapper .product-card .product-card-content .product-card-image-name-manufacturer .product-card-name[data-v-4eb474b4]{font-size:16px}.product-card-wrapper .product-card .product-card-content .product-card-image-name-manufacturer .product-card-manufacturer[data-v-4eb474b4]{font-size:15px}.product-card-wrapper .product-card .product-card-content .product-card-price-add-info[data-v-4eb474b4]{padding:0 13px}.product-card-wrapper .product-card .product-card-content .product-card-price-add-info .product-card-info>.item-info div[data-v-4eb474b4]:first-child,.product-card-wrapper .product-card .product-card-content .product-card-price-add-info .product-card-info>.item-info div[data-v-4eb474b4]:nth-child(2){font-size:14px}.product-card-wrapper .product-card .product-card-content .product-card-price-add-info .product-card-info>.price div.original-price[data-v-4eb474b4]{font-size:12px;height:21px}.product-card-wrapper .product-card .product-card-content .product-card-price-add-info .product-card-info>.price div.final-price[data-v-4eb474b4]{font-size:21px}.product-card-wrapper .product-card .product-card-content .product-card-price-add-info .product-card-info>.price div.free[data-v-4eb474b4]{font-size:16px}.product-card-wrapper.reduced[data-v-4eb474b4]{width:174px}.product-card-wrapper.reduced .product-card[data-v-4eb474b4]{padding:17px}.product-card-wrapper.reduced .product-card .product-card-content .product-card-image-name-manufacturer .product-card-image[data-v-4eb474b4]{min-height:146px}.product-card-wrapper.reduced .product-card .product-card-content .product-card-image-name-manufacturer .product-card-name[data-v-4eb474b4]{font-size:12px;height:35px}.product-card-wrapper.reduced .product-card .product-card-content .product-card-image-name-manufacturer .product-card-manufacturer[data-v-4eb474b4]{font-size:12px}.product-card-wrapper.reduced .product-card .product-card-content .product-card-price-add-info[data-v-4eb474b4]{padding:0}.product-card-wrapper.reduced .product-card .product-card-content .product-card-price-add-info .product-card-info>.item-info div[data-v-4eb474b4]:first-child,.product-card-wrapper.reduced .product-card .product-card-content .product-card-price-add-info .product-card-info>.item-info div[data-v-4eb474b4]:nth-child(2){font-size:13px}.product-card-wrapper.reduced .product-card .product-card-content .product-card-price-add-info .product-card-info>.price div.original-price[data-v-4eb474b4]{font-size:10px;height:16px}.product-card-wrapper.reduced .product-card .product-card-content .product-card-price-add-info .product-card-info>.price div.free[data-v-4eb474b4]{font-size:13px;margin-top:2px}.product-card-wrapper.isFeatured[data-v-4eb474b4]{height:440px;width:489px}.product-card-wrapper.isFeatured .product-card[data-v-4eb474b4]{background-color:#f7f7f5;padding:0}.product-card-wrapper.isFeatured .product-card .product-card-content .product-link[data-v-4eb474b4]{height:50%}.product-card-wrapper.isFeatured .product-card .product-card-content .product-card-image-name-manufacturer[data-v-4eb474b4]{background-color:#fff;flex-direction:row;height:100%}.product-card-wrapper.isFeatured .product-card .product-card-content .product-card-image-name-manufacturer>div[data-v-4eb474b4]{height:100%;width:50%}.product-card-wrapper.isFeatured .product-card .product-card-content .product-card-image-name-manufacturer .product-card-image[data-v-4eb474b4]{height:100%;padding:15px 15px 0}.product-card-wrapper.isFeatured .product-card .product-card-content .product-card-image-name-manufacturer .product-card-image>.product-image[data-v-4eb474b4]{height:100%}.product-card-wrapper.isFeatured .product-card .product-card-content .product-card-image-name-manufacturer .name-manufacturer[data-v-4eb474b4]{align-items:center;display:flex;flex-direction:column;justify-content:center;padding:29px 25px 0}.product-card-wrapper.isFeatured .product-card .product-card-content .product-card-image-name-manufacturer .name-manufacturer .product-card-name[data-v-4eb474b4]{font-size:18px;height:auto;margin-top:20px}.product-card-wrapper.isFeatured .product-card .product-card-content .product-card-image-name-manufacturer .name-manufacturer .product-card-name>span[data-v-4eb474b4]{display:-webkit-box;-webkit-box-orient:vertical;-webkit-line-clamp:3;-moz-line-clamp:3;overflow:hidden}.product-card-wrapper.isFeatured .product-card .product-card-content .product-card-image-name-manufacturer .name-manufacturer .product-card-manufacturer[data-v-4eb474b4]{font-size:16px;margin-bottom:10px}.product-card-wrapper.isFeatured .product-card .product-card-content .product-card-image-name-manufacturer .name-manufacturer .product-card-manufacturer>span[data-v-4eb474b4]{display:-webkit-box;-webkit-box-orient:vertical;-webkit-line-clamp:3;-moz-line-clamp:3;overflow:hidden}.product-card-wrapper.isFeatured .product-card .product-card-content .product-card-image-name-manufacturer .name-manufacturer .featured-label[data-v-4eb474b4]{border-radius:4px;color:#fff;font-family:Nunito,sans-serif;font-size:14px;font-weight:700;max-width:130px;padding:7px;text-align:center;text-transform:uppercase}.product-card-wrapper.isFeatured .product-card .product-card-content .product-card-image-name-manufacturer[data-v-4eb474b4]:after{background:#fff;border-radius:0 0 50% 50%;content:"";height:60px;left:0;position:absolute;right:0;top:220px}.product-card-wrapper.isFeatured .product-card .product-card-content .product-card-price-add-info[data-v-4eb474b4]{display:flex;flex-direction:row;height:50%;padding:0}.product-card-wrapper.isFeatured .product-card .product-card-content .product-card-price-add-info>div[data-v-4eb474b4]{height:100%;width:50%}.product-card-wrapper.isFeatured .product-card .product-card-content .product-card-price-add-info .product-card-featured-description[data-v-4eb474b4]{display:flex;flex-direction:column;justify-content:flex-end;padding:60px 0 21px 31px}.product-card-wrapper.isFeatured .product-card .product-card-content .product-card-price-add-info .product-card-featured-description>span[data-v-4eb474b4]{color:#737373;display:-webkit-box;font-size:14px;font-weight:300;line-height:normal;text-align:left;-webkit-box-orient:vertical;-webkit-line-clamp:7;-moz-line-clamp:7;overflow:hidden}.product-card-wrapper.isFeatured .product-card .product-card-content .product-card-price-add-info .add-info[data-v-4eb474b4]{display:flex;flex-direction:column;justify-content:flex-end;padding:21px 31px}.product-card-wrapper.isFeatured .product-card .product-card-content .product-card-price-add-info .add-info .product-card-info>.item-info>div[data-v-4eb474b4]{font-size:16px}.product-card-wrapper.isFeatured .product-card .product-card-content .product-card-price-add-info .add-info .product-card-info>.price div.original-price[data-v-4eb474b4]{font-size:13px}.product-card-wrapper.isFeatured .product-card .product-card-content .product-card-price-add-info .add-info .product-card-info>.price div.final-price[data-v-4eb474b4]{font-size:22px}}
.wishlist-wrapper[data-v-2ece9c9d]{position:absolute;right:0;top:0;z-index:4}.wishlist-wrapper .wishlist-banner[data-v-2ece9c9d]{align-items:center;background-color:rgba(115,158,201,.95);border-radius:0 0 0 4px;color:#fff;display:flex;font-family:Nunito,sans-serif;font-size:15px;font-stretch:normal;font-style:normal;font-weight:500;justify-content:center;letter-spacing:.43px;line-height:normal;padding:10px;transition:all .3s;z-index:1}.wishlist-wrapper .wishlist-banner[data-v-2ece9c9d]:hover{cursor:pointer}.wishlist-wrapper .wishlist-banner .truncated[data-v-2ece9c9d]{overflow:hidden;text-overflow:ellipsis;white-space:nowrap;width:100px}.wishlist-wrapper .wishlist-icon[data-v-2ece9c9d]{align-items:center;cursor:pointer;display:flex;justify-content:space-around;padding:11px;position:absolute;right:0;top:0;transition:all .1s;z-index:1}.wishlist-wrapper .icon[data-v-2ece9c9d]{margin-left:15px}@media(min-width:720px){.wishlist-wrapper .wishlist-banner[data-v-2ece9c9d]{font-size:15px;padding:11px}.wishlist-wrapper .wishlist-banner.over[data-v-2ece9c9d]{background-color:#fff;border:2px solid #739ec9;color:#739ec9;padding:11px}.wishlist-wrapper .wishlist-icon.over[data-v-2ece9c9d]{background-color:hsla(60,11%,96%,.9);border:2px solid #739ec9;border-radius:4px;color:#739ec9;padding:11px;right:2px;top:2px;transition:none;width:200px}.wishlist-wrapper .wishlist-icon.over.dense-grid-layout[data-v-2ece9c9d]{font-size:13px;padding:5px;width:150px!important}}
.event-label[data-v-e009e9de]{align-items:center;background-color:#fff;border-radius:3px;box-shadow:0 2px 10px 0 rgba(0,0,0,.15);display:flex;gap:15px;height:60px;justify-content:flex-start;padding:15px;width:100%}.event-label .event-label-icon[data-v-e009e9de]{align-items:center;border-radius:50%;box-shadow:0 2px 4px 0 rgba(0,0,0,.08);display:flex;flex-shrink:0;height:40px;justify-content:center;width:40px}.event-label .event-label-icon-svg[data-v-e009e9de]{stroke:none}.event-label .event-label-text[data-v-e009e9de]{color:#c9a973;font-family:Nunito,sans-serif;font-size:14px}.event-label .event-label-text-title[data-v-e009e9de]{font-weight:500;text-align:left;text-transform:uppercase}.event-label .event-label-text-subtitle[data-v-e009e9de]{font-weight:300;text-align:left}.event-label.text-only[data-v-e009e9de]{height:auto;line-height:1;padding:7px 14px;width:-moz-fit-content;width:fit-content}.event-label.tiny[data-v-e009e9de]{border-bottom-left-radius:30px;border-top-left-radius:30px;box-shadow:0 2px 10px 0 rgba(0,0,0,.16);gap:5px;height:30px;margin:0;padding:0;width:100px}.event-label.tiny.icon-only[data-v-e009e9de]{border-radius:30px;width:30px}.event-label.tiny.text-only[data-v-e009e9de]{border-radius:3px;height:auto;padding:5px 5px 4px;width:-moz-fit-content;width:fit-content}.event-label.tiny .event-label-text[data-v-e009e9de]{font-size:8px}.event-label.tiny .event-label-icon[data-v-e009e9de]{height:30px;margin-left:0;width:30px}
.product-badge[data-v-608c9b3f]{align-items:center;box-shadow:0 1px 4px 0 rgba(0,0,0,.25);display:inline-flex;font-size:14px;height:30px;justify-content:center;margin:0 auto;min-width:120px;padding:0 10px;width:-moz-fit-content;width:fit-content}.product-badge--small[data-v-608c9b3f]{font-size:12px;height:25px}.product-badge--discount[data-v-608c9b3f]{background-color:#e9242f}.product-badge--new[data-v-608c9b3f]{background-color:#8aaa33}.product-badge>span[data-v-608c9b3f]{color:#fff;font-family:Nunito,sans-serif;font-weight:700;line-height:normal;text-transform:uppercase;white-space:nowrap}
.button-wrapper[data-v-1956333b]{font-size:14px;font-weight:500;width:145px}.button-wrapper .button-no-items[data-v-1956333b],.button-wrapper .button-out-of-stock[data-v-1956333b],.button-wrapper .button-with-items[data-v-1956333b]{border-radius:30px;display:flex;flex-direction:row;position:relative;width:100%}.button-wrapper .button-with-items[data-v-1956333b]{background-color:#f8ae00;justify-content:space-between;padding:1px}.button-wrapper .button-with-items .mini-button[data-v-1956333b]{align-items:center;background-color:#fff;border-radius:50%;cursor:pointer;display:flex;font-size:20px;height:34px;justify-content:center;-webkit-user-select:none;-moz-user-select:none;user-select:none;width:34px}.button-wrapper .button-with-items .mini-button.decrement[data-v-1956333b]{background-color:hsla(0,0%,100%,.35)}.button-wrapper .button-with-items .mini-button.decrement span[data-v-1956333b]{color:#fff;opacity:1}.button-wrapper .button-with-items .mini-button.increment[data-v-1956333b]{color:#f8ae00}.button-wrapper .button-with-items .mini-button span[data-v-1956333b]{margin-bottom:2px}.button-wrapper .button-out-of-stock[data-v-1956333b]{background-color:#9b9b9b;cursor:not-allowed;height:36px;justify-content:center;padding:2px}.button-wrapper .button-no-items[data-v-1956333b]{background-color:#f8ae00;cursor:pointer;height:36px;justify-content:center;padding:2px;transition:background-color .2s ease;will-change:background-color}.button-wrapper .button-no-items.dummy-button[data-v-1956333b]{background-color:#fff;border:2px solid #f8ae00}.button-wrapper .button-no-items.dummy-button .no-items-label[data-v-1956333b]{color:#f8ae00}.add-to-cart-panel:not(.simple-product) .button-wrapper.white-and-empty .button-no-items.dummy-button[data-v-1956333b]{opacity:.57}.button-wrapper .items-count[data-v-1956333b],.button-wrapper .no-items-label[data-v-1956333b],.button-wrapper .out-of-stock-label[data-v-1956333b]{align-items:center;color:#fff;display:flex;font-family:Nunito,sans-serif;justify-content:center;text-transform:uppercase}.button-wrapper .items-count[data-v-1956333b]{flex-grow:1}.button-wrapper .cart-icon[data-v-1956333b]{flex-shrink:0;margin-right:4px}@media(min-width:720px){.button-wrapper .cart-icon[data-v-1956333b]{margin-right:10px}}.button-wrapper .cart-icon-text[data-v-1956333b]{overflow:hidden;text-overflow:ellipsis;white-space:nowrap;width:100%}.button-wrapper .no-items-label[data-v-1956333b]{width:85%}.button-wrapper .loading[data-v-1956333b]{align-items:flex-end;background-color:rgba(80,80,80,.5);border-radius:30px;color:#fff;display:flex;font-weight:300;height:100%;justify-content:center;left:0;padding:0 46px 6px;position:absolute;right:0;top:0;-webkit-user-select:none;-moz-user-select:none;user-select:none}@media(max-width:calc(375px - 1px)){.button-wrapper .no-items-label[data-v-1956333b]{width:88%}.button-wrapper .out-of-stock-label[data-v-1956333b]{font-size:12px}}@media(min-width:720px){.button-wrapper[data-v-1956333b]{font-size:16px;width:172px}.button-wrapper.dense-grid-layout[data-v-1956333b]{font-size:13px}.button-wrapper .button-with-items[data-v-1956333b]{padding:2px}.button-wrapper .button-with-items .mini-button[data-v-1956333b]{font-size:20px;height:36px;width:36px}.button-wrapper .button-no-items[data-v-1956333b],.button-wrapper .button-out-of-stock[data-v-1956333b]{height:40px}.button-wrapper.dense-grid-layout[data-v-1956333b]{height:36px;width:145px}.button-wrapper.dense-grid-layout .mini-button[data-v-1956333b]{font-size:20px;height:32px;width:32px}.button-wrapper.dense-grid-layout .button-no-items[data-v-1956333b],.button-wrapper.dense-grid-layout .button-out-of-stock[data-v-1956333b]{height:36px}}.button-wrapper.narrow-and-tall[data-v-1956333b]{width:142px}.button-wrapper.narrow-and-tall .button-with-items .mini-button[data-v-1956333b]{font-size:22px;height:40px;width:40px}.button-wrapper.narrow-and-tall .button-no-items[data-v-1956333b],.button-wrapper.narrow-and-tall .button-out-of-stock[data-v-1956333b]{height:42px}.button-wrapper.small[data-v-1956333b]{width:116px}.button-wrapper.white-and-empty .button-with-items[data-v-1956333b]{background:none}.button-wrapper.white-and-empty .button-no-items[data-v-1956333b]{background-color:#fff}.button-wrapper.white-and-empty .button-no-items .no-items-label[data-v-1956333b]{color:#f8ae00}@media(min-width:1024px){.button-wrapper .button-no-items[data-v-1956333b]:not(.dummy-button):hover{background-color:#f49626}}
.wishlist-drop-down-wrapper[data-v-f16d327c]{display:flex;flex-direction:column;height:100%;outline:none;position:absolute;right:0;top:0;width:100%;z-index:2}.wishlist-drop-down-wrapper.is-in-product-detail[data-v-f16d327c]{height:auto;width:180px}@media(min-width:1024px){.wishlist-drop-down-wrapper[data-v-f16d327c]{display:inline;display:initial;height:auto;width:180px}}
.wishlist-drop-down-banner[data-v-344dcb9e]{align-items:center;background-color:#739ec9;color:#fff;display:flex;flex-grow:0;font-family:Nunito,sans-serif;font-size:15px;font-stretch:normal;font-style:normal;font-weight:500;justify-content:center;letter-spacing:.43px;line-height:normal;min-height:36px;padding:10px;z-index:1}.wishlist-drop-down-banner[data-v-344dcb9e]:hover{cursor:pointer}.wishlist-drop-down-banner .closing-icon[data-v-344dcb9e]{align-items:center;display:flex;height:39px;justify-content:center;position:absolute;right:0;top:0;width:33px}.wishlist-drop-down-banner .icon[data-v-344dcb9e]{margin-left:15px}@media(min-width:720px){.wishlist-drop-down-banner[data-v-344dcb9e]{font-size:15px;height:auto;justify-content:center;padding:11px}}@media(max-width:320px){.wishlist-drop-down-banner[data-v-344dcb9e]{font-size:13px;padding:11px}}
.wishlist-item-wrapper[data-v-b9033f4a]{display:flex;flex-direction:column;flex-grow:1;overflow:hidden}.wishlist-item-wrapper .scroll[data-v-b9033f4a]{background-color:#fff;border-left:2px solid #739ec9;border-right:2px solid #739ec9;flex-grow:1;overflow-y:auto}.wishlist-item-wrapper .wishlist-dropdown-link[data-v-b9033f4a]{flex-grow:0}@media(max-width:calc(1024px - 1px)){.wishlist-item-wrapper.is-in-product-detail .scroll[data-v-b9033f4a],.wishlist-item-wrapper.is-in-product-detail .wishlist-dropdown-link[data-v-b9033f4a]{position:static}.wishlist-item-wrapper.is-in-product-detail .scroll[data-v-b9033f4a]{height:200px}}@media(min-width:1024px){.wishlist-item-wrapper .scroll[data-v-b9033f4a]{height:200px}.wishlist-item-wrapper .wishlist-dropdown-link[data-v-b9033f4a]{border:2px solid #739ec9;border-radius:0 0 4px 4px;border-top:none}}
.wishlist-link[data-v-697dda27]{background-color:#739ec9;cursor:pointer;font-size:15px;padding:10px;text-align:center;transition:all .3s}.wishlist-link[data-v-697dda27]:nth-child(2n){border-top:1px solid #9b9b9b}.wishlist-link a[data-v-697dda27]{color:#fff}@media(min-width:1024px){.wishlist-link[data-v-697dda27]{background-color:#fff;border-top:1px solid #9b9b9b;font-size:15px;padding:13px}.wishlist-link a[data-v-697dda27]{color:#739ec9;-webkit-text-decoration:underline;text-decoration:underline}}
.content-news .swiper-navigation[data-v-6dc99146]{display:none}@media(min-width:1024px){.content-news-carousel-wrapper[data-v-6dc99146]{position:relative}.content-news .swiper-navigation[data-v-6dc99146]{display:block}.content-news .swiper-navigation[data-v-6dc99146] .swiper-button-next,.content-news .swiper-navigation[data-v-6dc99146] .swiper-button-prev{background-color:#fff;border-radius:50%;box-shadow:0 2px 10px 0 rgba(0,0,0,.11);height:51px;margin:-50px -35px 0;width:51px}.content-news .swiper-navigation[data-v-6dc99146] .svg-icon{width:8px}.content-news .swiper-navigation[data-v-6dc99146] .svg-icon path{fill:#333;stroke:#333}}
.news-card[data-v-8825cb7e]{background-color:#f2f1ef;height:100%}.news-card img[data-v-8825cb7e]{height:auto;vertical-align:middle;width:100%}.news-card-image[data-v-8825cb7e]{position:relative}.news-card-title[data-v-8825cb7e]{color:#333;font-family:"Libre Baskerville",serif;font-size:22px;letter-spacing:.63px;margin-bottom:10px}.news-card-title[data-v-8825cb7e] a{color:#333;display:block;-webkit-text-decoration:none;text-decoration:none}.news-card-title[data-v-8825cb7e] h1,.news-card-title[data-v-8825cb7e] h2,.news-card-title[data-v-8825cb7e] h3,.news-card-title[data-v-8825cb7e] h4,.news-card-title[data-v-8825cb7e] h5{line-height:1.4}.news-card-text[data-v-8825cb7e]{margin-bottom:15px}.news-card-content[data-v-8825cb7e]{color:#333;font-size:15px;font-weight:300;line-height:1.5;padding:18px;position:relative}.news-card-link[data-v-8825cb7e]{align-items:center;background-color:#f8ae00;border:2px solid #f8ae00;border-radius:20px;color:#fff;color:#fff!important;cursor:pointer;display:inline-flex;font-family:Nunito,sans-serif;font-size:15px;font-weight:500;height:40px;justify-content:space-around;line-height:40px;margin-top:15px;padding:0 20px;position:relative;-webkit-text-decoration:none;text-decoration:none;text-transform:uppercase;transition-duration:.2s;transition-property:background-color,border-color}.news-card-link[data-v-8825cb7e]:hover{background-color:#f49626;border-color:#f49626}.news-card-link[data-v-8825cb7e]:focus-visible{border-radius:20px;outline-color:blue;outline-offset:3px}.news-card-link:focus-visible span[data-v-8825cb7e]{border-radius:20px}.news-card-label[data-v-8825cb7e]{bottom:0;left:0;position:absolute}.news-card-featured[data-v-8825cb7e]{padding:23px}.news-card-featured .news-card-content[data-v-8825cb7e]{padding:0}.news-card-featured .news-card-image[data-v-8825cb7e]{margin-bottom:28px}.news-card-featured .news-card-title[data-v-8825cb7e]{font-size:30px;margin-bottom:20px;padding-bottom:20px;position:relative}.news-card-featured .news-card-title[data-v-8825cb7e]:after{background-color:#333;bottom:0;content:"";height:1px;left:0;position:absolute;width:87px}@media(min-width:1024px){.news-card-link[data-v-8825cb7e]{bottom:10px;left:0;position:absolute}.news-card-title[data-v-8825cb7e]{min-height:50px}.news-card-featured[data-v-8825cb7e]{display:flex;padding:38px}.news-card-featured .news-card-image[data-v-8825cb7e]{flex:0 0 60%;margin-bottom:0;margin-right:30px}.news-card-featured .news-card-content[data-v-8825cb7e]{flex-grow:1}.news-card-featured-image-last .news-card-image[data-v-8825cb7e]{margin-right:0}.news-card-featured-image-last .news-card-content[data-v-8825cb7e]{margin-right:30px;order:-1}}
[data-v-6a884e89].single-content{margin:0 auto;max-width:986px;padding:0 21px;text-align:center}[data-v-6a884e89].single-content .single-content-title{color:#333;font-family:"Libre Baskerville",serif;font-weight:400;letter-spacing:1.03px;margin:40px 0 10px}[data-v-6a884e89].single-content .single-content-title h1,[data-v-6a884e89].single-content .single-content-title h2,[data-v-6a884e89].single-content .single-content-title h3,[data-v-6a884e89].single-content .single-content-title h4,[data-v-6a884e89].single-content .single-content-title h5,[data-v-6a884e89].single-content .single-content-title h6{font-size:28px}@media(min-width:720px){[data-v-6a884e89].single-content .single-content-title h1,[data-v-6a884e89].single-content .single-content-title h2,[data-v-6a884e89].single-content .single-content-title h3,[data-v-6a884e89].single-content .single-content-title h4,[data-v-6a884e89].single-content .single-content-title h5,[data-v-6a884e89].single-content .single-content-title h6{font-size:30px}}[data-v-6a884e89].single-content .single-content-title-left{text-align:left}[data-v-6a884e89].single-content .single-content-title-center{text-align:center}[data-v-6a884e89].single-content .single-content-title-right{text-align:right}[data-v-6a884e89].single-content .single-text .single-text-content{font-size:18px}[data-v-6a884e89].single-content .single-text .single-text-content-left{text-align:left}[data-v-6a884e89].single-content .single-text .single-text-content-center{text-align:center}[data-v-6a884e89].single-content .single-text .single-text-content-right{text-align:right}[data-v-6a884e89].single-content .single-text .single-text-content p{margin-top:15px}[data-v-6a884e89].single-content .single-content-cta{margin-top:20px}[data-v-6a884e89].single-content .single-content-cta-left{text-align:left}[data-v-6a884e89].single-content .single-content-cta-center{text-align:center}[data-v-6a884e89].single-content .single-content-cta-right{text-align:right}[data-v-6a884e89].single-content .single-content-cta.as-button{align-items:center;background-color:#f8ae00;border:2px solid #f8ae00;border-radius:20px;color:#fff;cursor:pointer;display:inline-flex;display:table;font-family:Nunito,sans-serif;font-size:15px;font-weight:500;height:40px;justify-content:space-around;line-height:40px;margin-left:auto;margin-right:auto;padding:0 20px;position:relative;-webkit-text-decoration:none;text-decoration:none;text-transform:uppercase;transition-duration:.2s;transition-property:background-color,border-color}[data-v-6a884e89].single-content .single-content-cta.as-button:hover{background-color:#f49626;border-color:#f49626}[data-v-6a884e89].single-content .single-content-cta.as-button:focus-visible{border-radius:20px;outline-color:blue;outline-offset:3px}[data-v-6a884e89].single-content .single-content-cta.as-button:focus-visible span{border-radius:20px}[data-v-6a884e89].single-content .single-content-cta.as-button a{color:#fff;-webkit-text-decoration:none;text-decoration:none}[data-v-6a884e89].single-content .single-content-cta-left.as-button{margin-left:0}[data-v-6a884e89].single-content .single-content-cta-right.as-button{margin-right:0}[data-v-6a884e89].multiple-content{display:flex;flex-wrap:wrap;justify-content:center;margin-top:40px}[data-v-6a884e89].multiple-content.line-on-text .multiple-content-item:before{background-color:#333;content:"";display:block;height:1px;margin:0 auto 14px;width:284px}[data-v-6a884e89].multiple-content-cols1 .multiple-content-item{margin-top:40px}[data-v-6a884e89].multiple-content-cols4.line-on-text .multiple-content-item:before{width:172px}[data-v-6a884e89].multiple-content-cols2 .multiple-content-item{flex:0 0 100%}[data-v-6a884e89].multiple-content-cols3 .multiple-content-item{flex:0 0 100%}[data-v-6a884e89].multiple-content-cols4 .multiple-content-item{flex:0 0 100%}@media(min-width:720px){[data-v-6a884e89].multiple-content{margin-top:0}[data-v-6a884e89].multiple-content .multiple-content-item{margin-top:40px}[data-v-6a884e89].multiple-content-cols2 .multiple-content-item{flex:0 0 50%}[data-v-6a884e89].multiple-content-cols3 .multiple-content-item{flex:0 0 33.3333333333%}[data-v-6a884e89].multiple-content-cols4 .multiple-content-item{flex:0 0 50%;margin-bottom:30px}}@media(min-width:1024px){[data-v-6a884e89].multiple-content{flex-wrap:nowrap}[data-v-6a884e89].multiple-content-adaptive .multiple-content-item{flex:1 1 auto}[data-v-6a884e89].multiple-content-cols2{justify-content:center}[data-v-6a884e89].multiple-content-cols2 .multiple-content-item{flex:0 0 33%;margin:20px 7px 0}[data-v-6a884e89].multiple-content-cols3 .multiple-content-item{flex:0 0 33.3333333333%}[data-v-6a884e89].multiple-content-cols4 .multiple-content-item{flex:0 0 25%}}
.cms-image-wrapper[data-v-24ea613e]{margin:70px auto;max-width:986px}.cms-image[data-v-24ea613e]{position:relative}.cms-image .cms-image-flex-wrapper[data-v-24ea613e]{display:flex}.cms-image .cms-image-flex-wrapper.left[data-v-24ea613e]{justify-content:flex-start}.cms-image .cms-image-flex-wrapper.center[data-v-24ea613e]{justify-content:center}.cms-image .cms-image-flex-wrapper.right[data-v-24ea613e]{justify-content:flex-end}.cms-image img[data-v-24ea613e]{height:auto;max-width:100%;vertical-align:middle}@media(min-width:1024px){.cms-image .cms-image-flex-wrapper[data-v-24ea613e]{width:100%}}
.newsletter[data-v-72432489]{background-color:#f8f8f8;margin:70px 0;padding:44px 21px}.newsletter h1[data-v-72432489]{font-size:38px}.newsletter h2[data-v-72432489]{font-size:32px}.newsletter h3[data-v-72432489]{font-size:28px}.newsletter h4[data-v-72432489]{font-size:24px}.newsletter h5[data-v-72432489]{font-size:22px}.newsletter h6[data-v-72432489]{font-size:20px}@media(min-width:720px){.newsletter h1[data-v-72432489]{font-size:42px}.newsletter h2[data-v-72432489]{font-size:36px}.newsletter h3[data-v-72432489]{font-size:30px}.newsletter h4[data-v-72432489]{font-size:26px}}@media(min-width:1024px){.newsletter[data-v-72432489]{padding:60px 21px}}.newsletter--in-modal[data-v-72432489]{background-color:transparent;margin:0;padding:0}.newsletter--in-modal[data-v-72432489] .expand-button-wrapper{height:auto!important;margin-top:20px;position:static!important}.newsletter-inner[data-v-72432489]{margin:0 auto;max-width:700px}.newsletter--in-modal .newsletter-inner[data-v-72432489]{max-width:none}.newsletter-title[data-v-72432489]{color:#333;font-family:"Libre Baskerville",serif;font-weight:400;letter-spacing:1.03px;letter-spacing:.8px;line-height:normal;margin-bottom:10px;text-align:center}.newsletter-title[data-v-72432489] h1{font-size:38px}.newsletter-title[data-v-72432489] h2{font-size:32px}.newsletter-title[data-v-72432489] h3{font-size:28px}.newsletter-title[data-v-72432489] h4{font-size:24px}.newsletter-title[data-v-72432489] h5{font-size:22px}.newsletter-title[data-v-72432489] h6{font-size:20px}@media(min-width:720px){.newsletter-title[data-v-72432489] h1{font-size:42px}.newsletter-title[data-v-72432489] h2{font-size:36px}.newsletter-title[data-v-72432489] h3{font-size:30px}.newsletter-title[data-v-72432489] h4{font-size:26px}}.newsletter-disclaim[data-v-72432489]{color:#737373;font-family:Nunito,sans-serif;font-size:16px;font-weight:300;line-height:normal;text-align:center}@media(min-width:720px){.newsletter-disclaim[data-v-72432489]{font-size:18px}}.newsletter-info-wrapper[data-v-72432489]{display:flex;flex-wrap:wrap;gap:14px;justify-content:space-around;margin-top:30px;width:100%}@media(min-width:720px){.newsletter-info-wrapper[data-v-72432489]{gap:0}}.newsletter-info-item[data-v-72432489]{align-items:center;display:flex;gap:5px;justify-content:center;width:calc(50% - 10px)}.newsletter-info-item svg[data-v-72432489]{flex-shrink:0;height:20px;width:20px}@media(min-width:720px){.newsletter-info-item svg[data-v-72432489]{height:24px;width:24px}.newsletter-info-item[data-v-72432489]{background:transparent;padding:0;width:auto}}.newsletter-info-item-label[data-v-72432489]{color:#333;font-family:"Libre Baskerville",serif;font-size:17px;font-weight:400;line-height:normal}@media(min-width:720px){.newsletter-info-item-label[data-v-72432489]{font-size:20px}}.newsletter-feedback[data-v-72432489],.newsletter-form[data-v-72432489]{background:#fff;border-radius:40px;margin:40px 0 0;padding:20px 20px 40px}@media(min-width:1024px){.newsletter-feedback[data-v-72432489],.newsletter-form[data-v-72432489]{padding:40px}}.newsletter--in-modal .newsletter-feedback[data-v-72432489],.newsletter--in-modal .newsletter-form[data-v-72432489]{padding:0}.newsletter-feedback[data-v-72432489]{text-align:center}.newsletter-feedback-title[data-v-72432489]{color:#333;font-family:"Libre Baskerville",serif;font-size:22px;font-weight:700;font-weight:400;letter-spacing:.23px;line-height:1;margin-bottom:15px;text-align:center}.newsletter-feedback-title h2[data-v-72432489],.newsletter-feedback-title h3[data-v-72432489],.newsletter-feedback-title h4[data-v-72432489],.newsletter-feedback-title h5[data-v-72432489],.newsletter-feedback-title h6[data-v-72432489]{font-weight:700}.newsletter-feedback-title[data-v-72432489] h1{font-size:38px}.newsletter-feedback-title[data-v-72432489] h2{font-size:32px}.newsletter-feedback-title[data-v-72432489] h3{font-size:28px}.newsletter-feedback-title[data-v-72432489] h4{font-size:24px}.newsletter-feedback-title[data-v-72432489] h5{font-size:22px}.newsletter-feedback-title[data-v-72432489] h6{font-size:20px}@media(min-width:720px){.newsletter-feedback-title[data-v-72432489] h1{font-size:42px}.newsletter-feedback-title[data-v-72432489] h2{font-size:36px}.newsletter-feedback-title[data-v-72432489] h3{font-size:30px}.newsletter-feedback-title[data-v-72432489] h4{font-size:26px}}.newsletter-feedback-description[data-v-72432489]{font-size:16px;margin-bottom:15px}
.newsletter-preferences-block[data-v-39efa963]{margin:30px 0 0}@media(min-width:720px){.newsletter-preferences-block[data-v-39efa963]{margin:30px 0 0 25px}}.newsletter-preferences-eataly-news-input[data-v-39efa963]{margin:25px 33px 0;width:auto}.newsletter-preferences-eataly-news-input.flanked-inputs[data-v-39efa963]{margin:0}.newsletter-preferences-eataly-news-input.flanked-inputs[data-v-39efa963] .eataly-input-label{text-transform:uppercase}.newsletter-preferences-stores[data-v-39efa963],.newsletter-preferences-unsubscribe[data-v-39efa963]{border-top:1px solid hsla(0,0%,45%,.3);padding:30px 0 0}.newsletter-preferences-stores-checkbox[data-v-39efa963] .v-label,.newsletter-preferences-unsubscribe-checkbox[data-v-39efa963] .v-label{font-size:15px;font-weight:500}.newsletter-preferences-stores p.newsletter-preferences-stores-title[data-v-39efa963],.newsletter-preferences-unsubscribe p.newsletter-preferences-stores-title[data-v-39efa963]{margin-bottom:30px}.newsletter-preferences-store-list[data-v-39efa963] .v-input--selection-controls{margin:0;padding:0}.newsletter-preferences-submit[data-v-39efa963]{margin-top:20px}.newsletter-preferences-terms-and-submit[data-v-39efa963]{position:relative}.newsletter-preferences-terms-and-submit[data-v-39efa963] .v-label{color:#333;font-size:13px}.newsletter-preferences-terms-and-submit label>span[data-v-39efa963]:after{content:" *"}.newsletter-preferences-required-flag[data-v-39efa963]{font-size:12px;font-weight:300}.newsletter-preferences-required-text[data-v-39efa963]{bottom:-27px;color:#e96224;font-size:12px;font-weight:300;left:0;position:absolute;white-space:nowrap}.newsletter-preferences.expandable[data-v-39efa963]{font-size:13px}.newsletter-preferences.expandable .newsletter-preferences-block[data-v-39efa963]{margin:0}.newsletter-preferences.expandable .expandable-news-title[data-v-39efa963]{margin-top:24px}.newsletter-preferences.expandable .newsletter-preferences-eataly-news-input-wrapper[data-v-39efa963]{display:flex;flex-direction:column;gap:15px;justify-content:space-between}@media(min-width:720px){.newsletter-preferences.expandable .newsletter-preferences-eataly-news-input-wrapper[data-v-39efa963]{flex-direction:row}}.newsletter-preferences.expandable .newsletter-preferences-block .expandable-control[data-v-39efa963]{padding-top:0}.newsletter-preferences.expandable .newsletter-preferences-block .expandable-control[data-v-39efa963] .v-label{color:#333;font-size:13px;font-weight:500}.newsletter-preferences.expandable .newsletter-preferences-stores[data-v-39efa963]{border:none;padding-top:25px}.newsletter-preferences.expandable .newsletter-preferences-stores p.newsletter-preferences-stores-title[data-v-39efa963]{margin-bottom:15px}.newsletter-preferences.expandable .newsletter-preferences-terms-and-submit[data-v-39efa963]{margin-top:25px}.newsletter-preferences.expandable .newsletter-preferences-submit[data-v-39efa963]{margin:20px auto 0}.newsletter-preferences.expandable .newsletter-preferences-required-flag[data-v-39efa963]{bottom:0;left:0;position:absolute}.newsletter-preferences.expandable .expand-button-wrapper[data-v-39efa963]{bottom:-20px;display:flex;height:0;justify-content:center;position:relative}.newsletter-preferences.expandable .expand-button[data-v-39efa963]{align-items:center;background-color:#f8ae00;border-radius:19px;display:flex;height:38px;justify-content:space-around;width:38px}
.eataly-input label[data-v-2f49b090]{color:#737373;display:block;font-family:Nunito,sans-serif;font-size:14px;line-height:17px;margin-bottom:11px;text-align:left}.eataly-input-label-info[data-v-2f49b090]{padding-left:5px}.eataly-input[data-v-2f49b090] .v-input{border-radius:2px;margin-top:0;padding-top:0}.eataly-input[data-v-2f49b090] .v-input.v-text-field--rounded{border-radius:28px}.eataly-input[data-v-2f49b090] .v-input .v-input__slot{background-color:#f2f1ef!important;border:1px solid #f2f1ef;height:100%;margin:0!important}.eataly-input[data-v-2f49b090] .v-input .v-input__slot:before{border-width:0!important}.eataly-input[data-v-2f49b090] .v-input .v-input__slot:after{border-style:hidden}.eataly-input[data-v-2f49b090] .v-input .v-input__slot .v-label{margin-bottom:11px!important}.eataly-input[data-v-2f49b090] .v-input .v-input__slot input{color:#333;font-size:14px!important;line-height:1;max-height:100%;padding:12px 0 12px 12px}@media(hover:none)and (pointer:coarse){.eataly-input[data-v-2f49b090] .v-input .v-input__slot input{font-size:16px!important}}.eataly-input[data-v-2f49b090] .v-input .v-input__slot .v-text-field__slot{height:100%}.eataly-input[data-v-2f49b090] .v-input--is-focused .v-input__slot{outline:2px solid blue;outline-color:#739ec9;outline-offset:2px}.eataly-input[data-v-2f49b090] .v-input__prepend-inner{align-self:center;margin:0;padding:0}.eataly-input.bg-white[data-v-2f49b090] .v-input .v-input__slot{background-color:#fff!important}.eataly-input.border-grey[data-v-2f49b090] .v-input .v-input__slot{border:1px solid #9b9b9b}.eataly-input.border-very-light-grey[data-v-2f49b090] .v-input .v-input__slot{border:1px solid #d8d8d8}.eataly-input.disabled[data-v-2f49b090] .v-input .v-input__slot{background-color:#d8d8d8!important;border:1px solid #9b9b9b}.eataly-input.red-border-on-error[data-v-2f49b090] .v-input.error--text .v-input__slot{border:1px solid #e96224}
.base-button-outline-theme.base-button-disabled[data-v-fc1b93ae],.base-button-yellow-theme.base-button-disabled[data-v-fc1b93ae]{background-color:#9b9b9b;border:2px solid #9b9b9b;color:hsla(0,0%,100%,.75);cursor:not-allowed;pointer-events:none}.base-button-white-theme.base-button-disabled[data-v-fc1b93ae]{background-color:hsla(0,0%,100%,.57);border-color:transparent;color:#f8ae00;pointer-events:none}.base-button[data-v-fc1b93ae]{align-items:center;border-radius:20px;font-family:Nunito,sans-serif;font-size:15px;font-weight:500;justify-content:space-around;position:relative;text-transform:uppercase;transition-duration:.2s;transition-property:background-color,border-color}.base-button-yellow-theme[data-v-fc1b93ae]{background-color:#f8ae00;color:#fff}.base-button-yellow-theme[data-v-fc1b93ae]:hover{background-color:#f49626;border-color:#f49626}.base-button-outline-theme[data-v-fc1b93ae]{background-color:#fff;border:2px solid #f8ae00;color:#f8ae00}.base-button-white-theme[data-v-fc1b93ae]{background-color:#fff;border-color:#fff;color:#f8ae00}.base-button[data-v-fc1b93ae] svg path{fill:currentColor}.base-button-icon-on-right[data-v-fc1b93ae]{flex-direction:row-reverse}.base-button-loader[data-v-fc1b93ae]{align-items:center;display:flex;height:100%;justify-content:center;left:0;position:absolute;top:0;width:100%}.base-button-content[data-v-fc1b93ae]{align-items:center;display:inline-flex}.base-button-content .base-button-icon[data-v-fc1b93ae]{margin-right:4px}
.base-alert-dialog[data-v-6978ee11]{background-color:#fff;border-radius:2px;display:flex;flex-direction:column;min-height:100%;padding:30px;position:relative;width:100%}@media(min-width:720px){.base-alert-dialog[data-v-6978ee11]{background-color:#f2f1ef;justify-content:space-between;min-height:230px}.base-alert-dialog .base-alert-actions[data-v-6978ee11]{margin-top:0}}.base-alert-dialog .base-alert-header[data-v-6978ee11]{align-items:center;background-color:#60a6ee;border-radius:2px 2px 0 0;color:#fff;display:flex;font-family:Nunito,sans-serif;font-size:18px;font-weight:500;height:60px;justify-content:space-between;left:0;padding:0 18px;position:absolute;top:0;width:100%}.base-alert-dialog .base-alert-header .icon[data-v-6978ee11]{flex:1}.base-alert-dialog .base-alert-header .icon-close-wrapper[data-v-6978ee11]{display:flex;flex:1;justify-content:flex-end}.base-alert-dialog .base-alert-header .title[data-v-6978ee11]{text-align:center}.base-alert-dialog .base-alert-text[data-v-6978ee11]{color:#333;font-family:Nunito,sans-serif;font-size:16px;font-weight:300;margin:60px 0 0}.base-alert-dialog .base-alert-actions[data-v-6978ee11]{align-items:center;display:flex;justify-content:center;margin-top:30px;width:100%}.base-alert-dialog .base-alert-actions .base-alert-action[data-v-6978ee11]{margin:0 7px}
.back-to-top-wrapper[data-v-a693f566]{bottom:20px;position:fixed;right:20px;transition:opacity .5s}
.footer[data-v-7bede2cb]{font-size:14px;font-weight:300}.footer-top-wrapper[data-v-7bede2cb]{background-color:#f8f8f8;color:#9b9b9b;padding:32px 22px}.footer-columns-wrapper[data-v-7bede2cb]{background-color:#f2f1ef;color:#737373;padding:18px 32px}.footer-certificate[data-v-7bede2cb],.footer-copyright[data-v-7bede2cb]{font-size:13px}.footer-certificate[data-v-7bede2cb]{background-color:#d8d8d8;color:#737373;font-weight:500;padding:13px 10px;text-align:center}.footer-certificate-text[data-v-7bede2cb]{margin:0 auto;max-width:986px}.footer-certificate-text[data-v-7bede2cb] p{margin-bottom:0}.footer-copyright[data-v-7bede2cb]{color:#9b9b9b;padding:13px 10px;text-align:center}.footer-copyright-text[data-v-7bede2cb]{margin:0 auto;max-width:986px}@media(min-width:720px){.footer-columns-wrapper[data-v-7bede2cb]{padding:21px 32px}}@media(min-width:1024px){.footer-columns-wrapper[data-v-7bede2cb]{padding:32px}.footer-certificate[data-v-7bede2cb],.footer-copyright[data-v-7bede2cb]{font-size:14px;text-align:left}}
.footer-top[data-v-4b1ac4d0]{align-items:flex-start;display:flex;flex-direction:column;gap:25px;justify-content:flex-start;margin:0 auto;max-width:986px}@media(min-width:720px){.footer-top[data-v-4b1ac4d0]{align-items:center;flex-direction:row;flex-wrap:wrap;gap:20px;justify-content:space-between}}@media(min-width:1024px){.footer-top[data-v-4b1ac4d0]{flex-wrap:nowrap}}.footer-top-item[data-v-4b1ac4d0]{display:flex;flex-direction:column;flex-shrink:0;gap:14px}@media(min-width:720px){.footer-top-item[data-v-4b1ac4d0]{flex-basis:calc(50% - 50px)}}@media(min-width:1024px){.footer-top-item[data-v-4b1ac4d0]{flex-basis:auto}}.footer-top-item-label[data-v-4b1ac4d0]{color:#737373;font-size:14px;line-height:1}.footer-top-logo img[data-v-4b1ac4d0]{width:100%}@media(min-width:720px){.footer-top-logo img[data-v-4b1ac4d0]{max-width:100%;width:auto}}@media(min-width:1024px){.footer-top-logo img[data-v-4b1ac4d0]{max-width:350px}}.footer-top-payments img[data-v-4b1ac4d0]{display:block;height:28px;width:auto}.footer-top-socials .footer-social-links[data-v-4b1ac4d0]{align-items:center;display:flex;justify-content:flex-start;list-style-type:none;padding:0}.footer-top-socials .footer-social-links .footer-social-icon[data-v-4b1ac4d0]{margin-right:14px}.footer-top-socials .footer-social-links .footer-social-icon a[data-v-4b1ac4d0]{display:flex}.footer-top-eataly-club a[data-v-4b1ac4d0]{display:flex;margin-top:3px}.footer-top-eataly-club img[data-v-4b1ac4d0]{height:auto;max-width:197px}.footer-top .apple-pay-logo[data-v-4b1ac4d0]{padding:2px 0}.footer-top .footer-top-payments-image[data-v-4b1ac4d0]{display:flex;gap:2px}.footer-top .footer-top-eataly-club[data-v-4b1ac4d0],.footer-top .footer-top-socials[data-v-4b1ac4d0]{display:none}
.footer-columns[data-v-35d63c24]{margin:0;max-width:986px}.footer-columns .footer-column-inner[data-v-35d63c24]{border-top:.5px solid #d8d8d8;padding:17px 0 15px}.footer-columns .footer-column:last-child .footer-column-inner[data-v-35d63c24]:last-child{border-bottom:.5px solid #d8d8d8}.footer-columns .footer-column-header[data-v-35d63c24]{align-items:center;display:flex;justify-content:space-between}.footer-columns .footer-column-header[data-v-35d63c24] a{color:#9b9b9b;-webkit-text-decoration:none;text-decoration:none}.footer-columns .footer-column-header-title[data-v-35d63c24]{color:#9b9b9b;font-size:18px;font-weight:500;text-transform:uppercase}.footer-columns .footer-column-links-wrapper[data-v-35d63c24]{margin-top:12px}.footer-columns .footer-column-link[data-v-35d63c24]{font-size:14px;font-weight:300;margin:5px 0}.footer-columns .footer-column-link[data-v-35d63c24] a{color:#737373;-webkit-text-decoration:none;text-decoration:none}@media(min-width:1024px){.footer-columns[data-v-35d63c24]{align-items:flex-start;display:flex;justify-content:space-evenly;margin:0 auto}.footer-columns .footer-column[data-v-35d63c24]{flex:0 0 20%}.footer-columns .footer-column-inner[data-v-35d63c24]{border:0;padding:0}.footer-columns .footer-column:last-child .footer-column-inner[data-v-35d63c24]:last-child{border-bottom:0}.footer-columns .footer-column-links-wrapper[data-v-35d63c24]{margin-bottom:21px}}
.account-modal[data-v-6855b7d9]{padding:0!important;position:relative;text-align:center}.account-modal .close-modal[data-v-6855b7d9]{cursor:pointer;position:fixed;right:21px;top:21px;z-index:2}@media(min-width:1024px){.account-modal .close-modal[data-v-6855b7d9]{position:absolute;right:25px;top:25px}}
@media(min-width:1024px){.account-modal .close-modal:hover path{fill:#d8d8d8}}
[data-v-5fc80df2].registration-to-confirm-modal-wrapper{margin:auto 0;text-align:center;width:100%}[data-v-5fc80df2] .registration-to-confirm-message{color:#737373;font-family:Nunito,sans-serif;font-size:15px;font-weight:300;padding:0 20px;text-align:center}[data-v-5fc80df2] .registration-to-confirm-message mark{color:#f8ae00}
.base-brand-dialog[data-v-c44dc0f8]{background-color:#fff;display:flex;flex-direction:column;min-height:100%;overflow-y:auto;padding:30px 21px;position:relative;width:100%}.base-brand-dialog .base-brand-dialog-blue-header[data-v-c44dc0f8]{align-items:center;background-color:#60a6ee;box-shadow:0 4px 11px 0 rgba(0,0,0,.09);display:flex;height:60px;justify-content:center;margin-bottom:30px;position:relative}.base-brand-dialog .base-brand-dialog-blue-header .base-brand-dialog-blue-header-icon-title[data-v-c44dc0f8]{left:18px;position:absolute;top:18px}.base-brand-dialog .base-brand-dialog-blue-header>p[data-v-c44dc0f8]{color:#f7f7f5;font-family:Nunito,sans-serif;font-size:16px;font-weight:500;margin:0;text-align:center;text-transform:uppercase}.base-brand-dialog .base-brand-dialog-blue-header .blue-header-close[data-v-c44dc0f8]{position:absolute;right:18px;top:18px}.base-brand-dialog .base-brand-dialog-icon-title[data-v-c44dc0f8]{align-items:center;display:flex;justify-content:center;margin-bottom:20px}.base-brand-dialog .base-brand-close-dialog[data-v-c44dc0f8]{cursor:pointer;position:absolute;right:20px;top:20px}@media(min-width:720px){.base-brand-dialog[data-v-c44dc0f8]{min-height:560px}}.base-brand-dialog>p[data-v-c44dc0f8]{line-height:1}.base-brand-dialog>p.base-brand-dialog-title[data-v-c44dc0f8]{color:#333;font-family:"Libre Baskerville",serif;font-size:24px;margin:0 0 13px;padding:0 30px;text-align:center}.base-brand-dialog>p.base-brand-dialog-subtitle[data-v-c44dc0f8]{color:#737373;font-family:Nunito,sans-serif;font-size:18px;margin:0 0 30px;padding:0 20px;text-align:center}@media(min-width:1024px){.base-brand-dialog>p.base-brand-dialog-title[data-v-c44dc0f8]{font-size:36px;padding:0 20px}}.base-brand-dialog .base-brand-dialog-action[data-v-c44dc0f8]{align-items:center;display:flex;justify-content:center}@media(min-width:1024px){.base-brand-dialog .base-brand-dialog-action[data-v-c44dc0f8]{margin-top:auto}}
.modal-wrapper.modal-tooltip{padding-top:80px!important}.modal-wrapper.modal-tooltip .modal-content{text-align:left}.modal-wrapper.modal-tooltip .modal-content .tooltip-text{color:#333;font-family:Nunito,sans-serif;font-size:16px;font-weight:300}.modal-wrapper.modal-tooltip .modal-cta{margin-top:5px}
.v-dialog__content[data-v-5bcfd3cd] .modal-zip-store-selector.v-dialog--fullscreen{-webkit-overflow-scrolling:touch}@media(min-width:720px){.v-dialog__content[data-v-5bcfd3cd] .modal-zip-store-selector.v-dialog--active{overflow-y:visible!important}}.zip-popup-wrapper[data-v-5bcfd3cd]{background-color:#fff;border-radius:3px;box-shadow:0 2px 5px 0 rgba(0,0,0,.15);color:#fff;min-height:calc(100vh - 60px);width:100%}.zip-popup-wrapper .zip-popup-content[data-v-5bcfd3cd]{align-items:center;background-color:#fff;color:#333;display:flex;flex-direction:column;min-height:calc(100vh - 60px);padding:18px}.zip-popup-wrapper .modal-content-separator[data-v-5bcfd3cd]{border-top:1px solid #9b9b9b;margin-top:15px;padding-top:25px;width:100%}@media(min-width:720px){.zip-popup-wrapper[data-v-5bcfd3cd]{border-radius:3px;box-shadow:0 2px 5px 0 rgba(0,0,0,.15);min-height:auto;width:100%}.zip-popup-wrapper .zip-popup-content[data-v-5bcfd3cd]{background-color:#f2f1ef;border:2px solid #60a6ee;border-top:none;min-height:auto;padding:20px 60px 25px}}@media(max-width:calc(720px - 1px)){[data-v-5bcfd3cd] .shipping-country-selector{align-items:center;display:flex;flex-direction:column}[data-v-5bcfd3cd] .shipping-country-selector .base-select{max-width:203px}[data-v-5bcfd3cd] .shipping-country-selector .shipping-country-selector-hint{flex-direction:column}[data-v-5bcfd3cd] .shipping-country-selector .shipping-country-selector-hint .shipping-country-selector-icon{background:#f2f1ef}}
@media(min-width:720px){.v-dialog__content[data-v-6f0b5814] .modal-shipping-country.v-dialog--active{overflow-y:visible!important}}.dialog-content-wrapper[data-v-6f0b5814]{background-color:#f2f1ef;height:100%}@media(min-width:720px){.dialog-content-wrapper[data-v-6f0b5814]{border:2px solid #60a6ee;border-radius:2px;height:auto}}.dialog-header[data-v-6f0b5814]{background-color:#60a6ee;justify-content:space-between;min-height:58px;width:100%}.dialog-header[data-v-6f0b5814],.dialog-header .title-wrapper[data-v-6f0b5814]{align-items:center;display:flex;flex-direction:row}.dialog-header .title-wrapper .title-icon[data-v-6f0b5814]{margin:-6px 20px 0}.dialog-header .title-wrapper .title-text[data-v-6f0b5814]{color:#fff;font-family:Nunito,sans-serif;font-size:18px;font-weight:500}.dialog-header .close-icon[data-v-6f0b5814]{cursor:pointer;margin-right:20px}.dialog-body[data-v-6f0b5814]{display:flex;justify-content:center;padding:30px 70px}.modal-body-hint[data-v-6f0b5814]{font-size:16px}
.dialog-content-wrapper[data-v-741e12f2]{background-color:#fff;font-family:Nunito,sans-serif;height:100%}@media(min-width:720px){.dialog-content-wrapper[data-v-741e12f2]{border-radius:3px;box-shadow:0 2px 5px 0 rgba(0,0,0,.15),0 2px 15px 0 rgba(0,0,0,.19);height:auto}}.dialog-header[data-v-741e12f2]{align-items:center;background-color:#60a6ee;display:flex;height:60px;justify-content:center;position:relative;width:100%}.title-text[data-v-741e12f2]{color:#f7f7f5;font-size:16px;font-weight:500;text-transform:uppercase}.close-icon-wrapper[data-v-741e12f2]{display:flex;flex-direction:column;height:100%;justify-content:center;position:absolute;right:20px}.close-icon[data-v-741e12f2]{align-self:flex-end;cursor:pointer}.dialog-body[data-v-741e12f2]{align-items:center;color:#333;display:flex;flex-direction:column;font-size:16px;font-weight:300;padding:10px;position:relative;text-align:center}@media(min-width:375px){.dialog-body[data-v-741e12f2]{padding:14px}}@media(min-width:720px){.dialog-body[data-v-741e12f2]{padding:28px 36px 36px}}.body-close-icon[data-v-741e12f2]{cursor:pointer;position:absolute;right:20px;top:20px}.body-title[data-v-741e12f2]{color:#333;font-family:"Libre Baskerville",serif;font-size:40px;margin-bottom:10px}.body-title[data-v-741e12f2] .wraps-on-mobile{display:none}.content[data-v-741e12f2]{max-width:440px}.old-sites-logo[data-v-741e12f2]{height:60px;margin-top:18px}.pre-button[data-v-741e12f2]{margin-top:24px}.dialog-welcome-action[data-v-741e12f2]{margin:10px 0 0}
.dialog-content-wrapper[data-v-39870faa]{background-color:#fff;font-family:Nunito,sans-serif;height:auto}@media(min-width:720px){.dialog-content-wrapper[data-v-39870faa]{border-radius:3px;box-shadow:0 2px 5px 0 rgba(0,0,0,.15),0 2px 15px 0 rgba(0,0,0,.19);height:auto;min-height:0;min-height:auto}}.title-text[data-v-39870faa]{color:#f7f7f5;font-size:16px;font-weight:500;text-transform:uppercase}.close-icon-wrapper[data-v-39870faa]{display:flex;flex-direction:column;height:100%;justify-content:center;position:absolute;right:20px}.close-icon[data-v-39870faa]{align-self:flex-end;cursor:pointer}.dialog-body[data-v-39870faa]{align-items:center;color:#333;display:flex;flex-direction:column;font-size:16px;font-weight:300;padding:10px;position:relative;text-align:center}@media(min-width:375px){.dialog-body[data-v-39870faa]{padding:14px}}@media(min-width:720px){.dialog-body[data-v-39870faa]{padding:28px 36px 36px}}.body-close-icon[data-v-39870faa]{cursor:pointer;position:absolute;right:20px;top:20px}.body-title[data-v-39870faa]{color:#333;font-family:"Libre Baskerville",serif;font-size:40px;margin-bottom:10px}.body-title[data-v-39870faa] .wraps-on-mobile{display:none}.content[data-v-39870faa]{width:100%}.old-sites-logo[data-v-39870faa]{height:60px;margin-top:18px}.pre-button[data-v-39870faa]{margin-top:24px}.dialog-newsletter-action[data-v-39870faa]{margin:10px 0 0}[data-v-39870faa] .newsletter-title h2{padding:0 30px}
.dialog-content-wrapper[data-v-02fdaa24]{background-color:#fff;font-family:Nunito,sans-serif;height:100%}@media(min-width:720px){.dialog-content-wrapper[data-v-02fdaa24]{border-radius:3px;box-shadow:0 2px 5px 0 rgba(0,0,0,.15),0 2px 15px 0 rgba(0,0,0,.19);height:auto}}.close-icon-wrapper[data-v-02fdaa24]{display:flex;flex-direction:column;height:100%;justify-content:center;position:absolute;right:20px}.close-icon[data-v-02fdaa24]{align-self:flex-end;cursor:pointer}.dialog-body[data-v-02fdaa24]{align-items:center;color:#333;display:flex;flex-direction:column;font-size:16px;font-weight:300;padding:10px;position:relative;text-align:center}@media(min-width:375px){.dialog-body[data-v-02fdaa24]{padding:14px}}@media(min-width:720px){.dialog-body[data-v-02fdaa24]{padding:28px 36px 36px}}.body-close-icon[data-v-02fdaa24]{cursor:pointer;position:absolute;right:20px;top:20px}.body-title[data-v-02fdaa24]{color:#333;font-family:"Libre Baskerville",serif;font-size:25px;line-height:1.2}@media(min-width:720px){.body-title[data-v-02fdaa24]{font-size:40px;margin-bottom:10px}}@media(min-width:720px){.body-title[data-v-02fdaa24] .wraps-on-mobile{display:none}}.content[data-v-02fdaa24]{display:flex;flex-direction:column;gap:10px;line-height:1.35}@media(min-width:720px){.content[data-v-02fdaa24]{align-items:flex-end;flex-direction:row;gap:40px}}.content-wrap-img[data-v-02fdaa24]{flex-shrink:0}.old-sites-logo[data-v-02fdaa24]{max-height:190px}@media(min-width:720px){.old-sites-logo[data-v-02fdaa24]{display:block;max-height:none;max-width:200px}}.pre-button[data-v-02fdaa24]{margin-top:24px}.dialog-upcoming-features-action[data-v-02fdaa24]{margin:10px 0 0}
[data-v-500ba37b].registration-completed-modal-wrapper{margin:auto 0;text-align:center;width:100%}[data-v-500ba37b].registration-completed-modal-wrapper .registration-completed-message{color:#737373;font-family:Nunito,sans-serif;font-size:15px;font-weight:300;padding:0 20px;text-align:center}[data-v-500ba37b].registration-completed-modal-wrapper .registration-completed-message mark{color:#f8ae00}
p.invalid-items-modal-info[data-v-52e98569]{color:#333;font-family:Nunito,sans-serif;font-size:16px;font-weight:300;padding-top:21px}div.cart-error-modal-list[data-v-52e98569]{width:100%}.v-card__title[data-v-52e98569]{align-items:center;box-shadow:0 4px 9px 0 rgba(0,0,0,.03);display:flex;height:60px;padding:0!important}.v-card__title[data-v-52e98569],.v-card__title.cart-error-modal-title[data-v-52e98569]{position:relative}.v-card__title.cart-error-modal-title .label[data-v-52e98569]{align-items:center;color:#737373;display:flex;font-family:Nunito,sans-serif;font-size:16px;font-weight:500;height:100%;justify-content:center;position:absolute;text-align:center;width:100%}.v-card__title .cart-error-icon[data-v-52e98569]{margin-left:17px}@media(min-width:720px){.v-card__title[data-v-52e98569]{background-color:#60a6ee;justify-content:normal;padding:0 16px!important}.v-card__title .cart-error-icon[data-v-52e98569]{margin-left:0;margin-right:11px}.v-card__title.cart-error-modal-title .label[data-v-52e98569]{color:#fff;height:auto;position:relative;width:auto}}.v-card__actions[data-v-52e98569]{align-items:center;background-color:#fff;bottom:0;box-shadow:0 -3px 9px 0 rgba(0,0,0,.03);display:flex;height:60px;justify-content:center;padding:0 17px;position:fixed;width:100vw}@media(min-width:720px){.v-card__actions[data-v-52e98569]{position:relative;width:auto}}.v-card__text[data-v-52e98569]{height:calc(100vh - 120px);overflow-y:scroll}@media(min-width:720px){.v-card__text[data-v-52e98569]{height:370px;overflow-y:auto}}</style>
  </head>
  <body >
    <noscript data-n-head="ssr" data-hid="gtm-noscript" data-pbody="true"><iframe src="https://sst-us.eataly.com/ns.html?id=GTM-TLKM8RN&" height="0" width="0" style="display:none;visibility:hidden" title="gtm"></iframe></noscript><div data-server-rendered="true" id="__nuxt"><div id="__layout"><div data-app="true" id="app" class="v-application v-application--is-ltr theme--light"><div class="v-application--wrap"><div class="v-overlay theme--dark" style="z-index:11;"><div class="v-overlay__scrim" style="opacity:0;background-color:#9b9b9b;border-color:#9b9b9b;"></div></div> <div data-fetch-key="data-v-0e781beb:0" class="AnnouncementBar AnnouncementBar--pinkish-red " style="background-color:#e9242f;" data-v-0e781beb><div class="AnnouncementBar__inner" data-v-0e781beb><button class="AnnouncementBar__btn AnnouncementBar__btn-left" data-v-0e781beb><svg version="1.1" viewBox="0 0 12 23" aria-label="Go to previous" class="svg-icon svg-fill" style="width:10px;color:#fff;" data-v-0e781beb><path fill="#fff" stroke="none" pid="0" d="M.87 22.187a.75.75 0 01-.125-.971l.068-.088 8.549-9.522L.856 2.13a.75.75 0 01-.02-.979l.077-.08a.75.75 0 01.979-.02l.08.077 9.407 10.477-9.45 10.525a.75.75 0 01-1.059.057z" fill="#333" fill-rule="nonzero"/></svg></button> <div class="AnnouncementBar__item-wrapper" data-v-0e781beb><a href="/us_en/nationwide-shipping/holiday-best-sellers" class="AnnouncementBar__item active" data-v-a90af9e0 data-v-a90af9e0 data-v-0e781beb><div class="AnnouncementBar__text" style="color:#fff;" data-v-0e781beb><p>20% OFF ALL HOLIDAY BEST SELLERS + PANETTONE &amp; PANDORO WHILE SUPPPLIES LAST</p></div></a><a href="/us_en/holiday-shipping-deadlines" class="AnnouncementBar__item" data-v-a90af9e0 data-v-a90af9e0 data-v-0e781beb><div class="AnnouncementBar__text" style="color:#fff;" data-v-0e781beb><p>Holiday Delivery Reminder: Place ground shipping orders by December 12!</p></div></a></div> <button class="AnnouncementBar__btn AnnouncementBar__btn-right" data-v-0e781beb><svg version="1.1" viewBox="0 0 12 23" aria-label="Go next" class="svg-icon svg-fill" style="width:10px;color:#fff;" data-v-0e781beb><path fill="#fff" stroke="none" pid="0" d="M.87 22.187a.75.75 0 01-.125-.971l.068-.088 8.549-9.522L.856 2.13a.75.75 0 01-.02-.979l.077-.08a.75.75 0 01.979-.02l.08.077 9.407 10.477-9.45 10.525a.75.75 0 01-1.059.057z" fill="#333" fill-rule="nonzero"/></svg></button></div></div> <div class="preHeader" data-v-9a2ea358><div class="preHeader-inner" style="display:none;" data-v-9a2ea358><div class="pre-header-editorial-content" data-v-ba81769e data-v-9a2ea358><div class="pre-header-disclaim-wrapper" data-v-ba81769e><div class="pre-header-disclaim" style="color:#f8ae00;" data-v-ba81769e data-v-ba81769e><p>Enjoy free shipping on orders over $135  Terms Apply</p></div></div> <div class="pre-header-links-wrapper" data-v-ba81769e><a href="/us_en/contact-us" class="pre-header-link a11y-focus-light" data-v-a90af9e0 data-v-a90af9e0 data-v-ba81769e><span data-v-a90af9e0>Contact us</span></a> <div class="link-separator" style="display:;" data-v-ba81769e>|</div><a href="https://careers.eataly.com" target="_blank" class="pre-header-link a11y-focus-light" data-v-a90af9e0 data-v-ba81769e><span data-v-a90af9e0>Join our team</span></a> <div class="link-separator" style="display:;" data-v-ba81769e>|</div><a href="/us_en/corporate-gifting" class="pre-header-link a11y-focus-light" data-v-a90af9e0 data-v-a90af9e0 data-v-ba81769e><span data-v-a90af9e0>For Businesses</span></a> <!----></div></div> <!----> <!----></div></div> <header id="main-header" data-v-674f9394><div class="header-content-wrapper" style="height:80px;transition-delay:100ms;transition-duration:250ms;" data-v-674f9394><!----> <h1 class="logo-wrapper main-logo" data-v-2d7108d0 data-v-674f9394><a href="/us_en" aria-current="page" class="logo-link nuxt-link-exact-active nuxt-link-active" data-v-2d7108d0><img src="/images/logoSimple.svg" alt="" width="112" height="17" class="logo-image a11y-focus-standard a11y-focus-rounded" data-v-2877f6f1 data-v-2d7108d0></a></h1> <!----> <div class="menu-nav" data-v-55699c81 data-v-674f9394><div class="first-level-items" data-v-6ca22295 data-v-55699c81><ul class="items-wrapper" data-v-6ca22295><li class="first-level-item" data-v-2a631046 data-v-2a631046 data-v-6ca22295><a href="/us_en/nationwide-shipping" class="menu-item-link special" data-v-2a631046 data-v-2a631046><span class="menu-item-text-wrap" data-v-2a631046><div class="icon-wrapper first-level-icon first-level-icon-prefix" data-v-61d684ae data-v-2a631046><svg xmlns="http://www.w3.org/2000/svg" width="28" height="22" viewBox="0 0 28 22">
    <g fill="none" fill-rule="evenodd">
        <path fill="#000" d="M184.632 1743.16h-17.264l-1.866-11.305H186.498l-1.866 11.306zm-11.863-18.365h6.458l2.604 5.22h-11.658l2.596-5.22zm-.633-1.795c-.3.032-.589.153-.733.447l-3.27 6.568h-5.22c-.504 0-.913.41-.913.918 0 .507.409.922.913.922h.738l2.035 12.308c.04.47.428.837.913.837h18.802v-.004c.44 0 .825-.318.905-.769l2.043-12.372h.734c.504 0 .917-.415.917-.922 0-.507-.413-.918-.917-.918h-5.217l-3.273-6.568c-.144-.294-.428-.415-.733-.447h-7.724z" transform="translate(-162 -1723)"/>
    </g>
</svg>
</div>
                    Shop our Products
                </span> <svg version="1.1" viewBox="0 0 12 23" class="first-level-icon first-level-icon-postfix svg-icon svg-fill" style="width:16px;height:14px;" data-v-2a631046><path pid="0" d="M.87 22.187a.75.75 0 01-.125-.971l.068-.088 8.549-9.522L.856 2.13a.75.75 0 01-.02-.979l.077-.08a.75.75 0 01.979-.02l.08.077 9.407 10.477-9.45 10.525a.75.75 0 01-1.059.057z" fill="#333" fill-rule="nonzero"/></svg></a></li><li class="first-level-item" data-v-2a631046 data-v-2a631046 data-v-6ca22295><a href="/us_en/gifts-holiday-collection" class="menu-item-link" data-v-2a631046 data-v-2a631046><span class="menu-item-text-wrap" data-v-2a631046><!---->
                    Gifts
                </span> <svg version="1.1" viewBox="0 0 12 23" class="first-level-icon first-level-icon-postfix svg-icon svg-fill" style="width:16px;height:14px;" data-v-2a631046><path pid="0" d="M.87 22.187a.75.75 0 01-.125-.971l.068-.088 8.549-9.522L.856 2.13a.75.75 0 01-.02-.979l.077-.08a.75.75 0 01.979-.02l.08.077 9.407 10.477-9.45 10.525a.75.75 0 01-1.059.057z" fill="#333" fill-rule="nonzero"/></svg></a></li><li class="first-level-item" data-v-2a631046 data-v-2a631046 data-v-6ca22295><a href="/us_en/classes-and-events" class="menu-item-link" data-v-2a631046 data-v-2a631046><span class="menu-item-text-wrap" data-v-2a631046><!---->
                    Classes &amp; Events
                </span> <svg version="1.1" viewBox="0 0 12 23" class="first-level-icon first-level-icon-postfix svg-icon svg-fill" style="width:16px;height:14px;" data-v-2a631046><path pid="0" d="M.87 22.187a.75.75 0 01-.125-.971l.068-.088 8.549-9.522L.856 2.13a.75.75 0 01-.02-.979l.077-.08a.75.75 0 01.979-.02l.08.077 9.407 10.477-9.45 10.525a.75.75 0 01-1.059.057z" fill="#333" fill-rule="nonzero"/></svg></a></li></ul></div></div> <div class="header-search-wrapper" data-v-65dcb70a data-v-674f9394><div class="v-overlay theme--dark" style="z-index:2;" data-v-65dcb70a><div class="v-overlay__scrim" style="opacity:0;background-color:#212121;border-color:#212121;"></div></div> <!----> <div class="search-input-wrapper" data-v-0d3acbb6 data-v-65dcb70a><input type="text" placeholder="Search for a Product" data-test-e2e="header-search-input" value="" class="search-input" data-v-0d3acbb6> <div data-test-e2e="header-search-input-button" class="search-input-icon" data-v-0d3acbb6><svg version="1.1" viewBox="0 0 23 23" class="header-search-icon svg-icon svg-fill" style="width:13px;height:13px;" data-v-0d3acbb6><defs><path fill="#333" stroke="none" pid="0" id="svgicon_search_a" d="M22.718 21.367l-5.529-5.53a9.659 9.659 0 002.197-6.144C19.386 4.342 15.044 0 9.693 0 4.337 0 0 4.342 0 9.693c0 5.35 4.337 9.693 9.693 9.693a9.642 9.642 0 006.14-2.192l5.529 5.524a.958.958 0 001.356-1.351zm-13.025-3.91c-4.286 0-7.769-3.483-7.769-7.764 0-4.281 3.483-7.769 7.769-7.769 4.28 0 7.768 3.488 7.768 7.769 0 4.28-3.487 7.764-7.768 7.764z"/></defs><g fill="none" fill-rule="evenodd"><mask id="svgicon_search_b" fill="#fff"><use xlink:href="#svgicon_search_a"/></mask><use fill="#000" fill-rule="nonzero" xlink:href="#svgicon_search_a"/><g fill="#000" mask="url(#svgicon_search_b)"><path fill="#333" stroke="none" pid="1" d="M-1-1h24.949v24.949H-1z"/></g></g></svg></div></div> <div class="suggestions-list-wrapper" style="display:none;" data-v-5718a650 data-v-5718a650 data-v-65dcb70a><!----> <div class="no-suggestions-for-query" data-v-5718a650>
                    We can't seem to find any results for your search, please try searching again
                </div></div></div> <div class="menu-action" data-v-a68d2cb8 data-v-674f9394><div class="first-level-items" data-v-6ca22295 data-v-a68d2cb8><ul class="items-wrapper" data-v-6ca22295><li class="first-level-item" data-v-2a631046 data-v-2a631046 data-v-6ca22295><a href="/us_en/local-delivery" class="menu-item-link" data-v-2a631046 data-v-2a631046><span class="menu-item-text-wrap" data-v-2a631046><!---->
                    Local Delivery
                </span> <svg version="1.1" viewBox="0 0 12 23" class="first-level-icon first-level-icon-postfix svg-icon svg-fill" style="width:16px;height:14px;" data-v-2a631046><path pid="0" d="M.87 22.187a.75.75 0 01-.125-.971l.068-.088 8.549-9.522L.856 2.13a.75.75 0 01-.02-.979l.077-.08a.75.75 0 01.979-.02l.08.077 9.407 10.477-9.45 10.525a.75.75 0 01-1.059.057z" fill="#333" fill-rule="nonzero"/></svg></a></li><li class="first-level-item" data-v-2a631046 data-v-2a631046 data-v-6ca22295><a href="/us_en/stores" class="menu-item-link" data-v-2a631046 data-v-2a631046><span class="menu-item-text-wrap" data-v-2a631046><!---->
                    Stores
                </span> <svg version="1.1" viewBox="0 0 12 23" class="first-level-icon first-level-icon-postfix svg-icon svg-fill" style="width:16px;height:14px;" data-v-2a631046><path pid="0" d="M.87 22.187a.75.75 0 01-.125-.971l.068-.088 8.549-9.522L.856 2.13a.75.75 0 01-.02-.979l.077-.08a.75.75 0 01.979-.02l.08.077 9.407 10.477-9.45 10.525a.75.75 0 01-1.059.057z" fill="#333" fill-rule="nonzero"/></svg></a></li><li class="first-level-item" data-v-2a631046 data-v-2a631046 data-v-6ca22295><a href="/us_en/about-eataly/eataly-restaurants" class="menu-item-link" data-v-2a631046 data-v-2a631046><span class="menu-item-text-wrap" data-v-2a631046><!---->
                    Book a Table
                </span> <svg version="1.1" viewBox="0 0 12 23" class="first-level-icon first-level-icon-postfix svg-icon svg-fill" style="width:16px;height:14px;" data-v-2a631046><path pid="0" d="M.87 22.187a.75.75 0 01-.125-.971l.068-.088 8.549-9.522L.856 2.13a.75.75 0 01-.02-.979l.077-.08a.75.75 0 01.979-.02l.08.077 9.407 10.477-9.45 10.525a.75.75 0 01-1.059.057z" fill="#333" fill-rule="nonzero"/></svg></a></li></ul></div> <div data-v-a68d2cb8><div class="avatar-and-menu-wrapper" data-v-4a561853 data-v-a68d2cb8><div tabindex="0" role="button" aria-label="Sign in / Sign up" data-test-e2e="header-avatar" class="avatar-icon-wrapper a11y-focus-none" style="width:26px;" data-v-17534b3c data-v-4a561853 data-v-4a561853><svg version="1.1" viewBox="0 0 23 23" class="avatar-icon a11y-focus-standard svg-icon svg-fill" style="width:24px;" data-v-17534b3c><path fill="currentColor" stroke="none" pid="0" d="M19.632 3.368A11.425 11.425 0 0011.5 0C8.428 0 5.54 1.196 3.368 3.368A11.425 11.425 0 000 11.5c0 3.072 1.196 5.96 3.368 8.132A11.425 11.425 0 0011.5 23c3.072 0 5.96-1.196 8.132-3.368A11.425 11.425 0 0023 11.5c0-3.072-1.196-5.96-3.368-8.132zM11.5 21.652a10.117 10.117 0 01-7.044-2.849 7.424 7.424 0 017.044-5.102 7.424 7.424 0 017.044 5.102 10.117 10.117 0 01-7.044 2.85zM8.13 8.984a3.373 3.373 0 013.37-3.369 3.373 3.373 0 013.37 3.37 3.373 3.373 0 01-3.37 3.369 3.373 3.373 0 01-3.37-3.37zm11.426 8.686a8.785 8.785 0 00-5.29-4.867 4.713 4.713 0 001.95-3.819c0-2.6-2.115-4.716-4.716-4.716a4.722 4.722 0 00-4.717 4.716c0 1.569.77 2.96 1.952 3.819a8.785 8.785 0 00-5.291 4.867 10.1 10.1 0 01-2.096-6.17c0-5.598 4.554-10.152 10.152-10.152 5.598 0 10.152 4.554 10.152 10.152a10.1 10.1 0 01-2.096 6.17z"/></svg></div> <!----></div></div> <div class="nav-cart-button" data-v-1db13361 data-v-a68d2cb8><div tabindex="0" role="button" aria-label="Your cart" class="nav-cart-button-wrapper a11y-focus-standard" data-v-1db13361><div data-test-e2e="nav-cart-items-counter" class="nav-cart-button-badge" style="display:none;" data-v-1db13361>
            0
        </div> <svg version="1.1" viewBox="0 0 388 339" class="svg-icon svg-fill" style="width:25px;" data-v-1db13361><path fill="currentColor" stroke="none" pid="0" id="Layer" fill-rule="evenodd" d="M128.11 224.12c-2.84 0-5.57 1.13-7.58 3.14a10.726 10.726 0 00-3.14 7.58c0 2.84 1.13 5.57 3.14 7.58 2.01 2.01 4.74 3.14 7.58 3.14h196.36c2.84 0 5.57 1.13 7.58 3.14 2.01 2.01 3.14 4.74 3.14 7.58s-1.13 5.57-3.14 7.58a10.726 10.726 0 01-7.58 3.14H128.11c-7.45.11-14.71-2.38-20.53-7.04a32.081 32.081 0 01-11.36-18.5 32.04 32.04 0 013-21.49c3.46-6.6 9.12-11.79 15.99-14.68-2.05-9.14-37.73-168.1-39.1-174.22H19.8c-2.84 0-5.57-1.13-7.58-3.14a10.726 10.726 0 01-3.14-7.58c0-2.84 1.13-5.57 3.14-7.58 2.01-2.01 4.74-3.14 7.58-3.14h65c1.22-.01 2.42.19 3.57.59 1.15.4 2.23.99 3.18 1.74.96.76 1.77 1.67 2.42 2.7.65 1.02 1.13 2.15 1.4 3.34l7.74 34.52h264.67a10.708 10.708 0 014.82 1.12c.75.37 1.46.83 2.1 1.36.64.53 1.22 1.13 1.73 1.79.5.66.93 1.37 1.26 2.13.34.75.59 1.55.74 2.36a10.555 10.555 0 01-.24 4.91l-43.31 150.13c-.33 1.12-.83 2.17-1.5 3.13-.66.95-1.48 1.8-2.41 2.49-.93.7-1.97 1.24-3.08 1.6-1.1.37-2.26.55-3.42.55H128.08l.03.03zm8.69-22.48h179.5L353.43 73H107.92l28.88 128.64z" fill="#000"/><path fill="currentColor" stroke="none" pid="1" id="Layer" fill-rule="evenodd" d="M178.07 298.32c0 17.74-14.21 32.17-31.68 32.17s-31.68-14.43-31.68-32.17c0-17.74 14.21-32.17 31.68-32.17s31.68 14.43 31.68 32.17zm-27.98 9.94c1.18-.48 2.25-1.2 3.14-2.1.9-.89 1.62-1.96 2.1-3.14.49-1.17.74-2.43.74-3.7 0-3.92-2.36-7.44-5.98-8.94a9.66 9.66 0 00-10.54 2.1 9.66 9.66 0 00-2.1 10.54 9.672 9.672 0 008.94 5.98c1.27 0 2.53-.25 3.7-.74zM304.69 267c17.47 0 31.67 14.4 31.67 32.14 0 17.74-14.21 32.17-31.68 32.17S273 316.88 273 299.14c0-17.73 14.22-32.14 31.69-32.14zm-.3 22.71a9.7 9.7 0 00-3.68.73 9.534 9.534 0 00-3.12 2.08c-.9.89-1.6 1.95-2.09 3.12a9.7 9.7 0 00-.73 3.68 9.61 9.61 0 005.93 8.88c3.59 1.49 7.73.66 10.48-2.08a9.632 9.632 0 002.08-10.48 9.61 9.61 0 00-8.88-5.93h.01z" fill="#000"/></svg></div></div></div></div> <!----> <div class="MenuShadow" style="display:none;" data-v-674f9394><ul><li><a href="/us_en/nationwide-shipping">
                Shop our Products
            </a> <ul><li><a href="/us_en/nationwide-shipping/eataly-new-arrivals">
                        New Arrivals
                    </a> <!----></li><li><a href="/us_en/nationwide-shipping/panettone-italian-desserts">
                        Panettone
                    </a> <ul><li><a href="/us_en/nationwide-shipping/panettone-italian-desserts/all-panettone">
                                All Panettone
                            </a> <!----></li><li><a href="/us_en/nationwide-shipping/panettone-italian-desserts/panettone-classic-flavors">
                                Classic
                            </a> <!----></li><li><a href="/us_en/nationwide-shipping/panettone-italian-desserts/panettone-chocolates">
                                Chocolate
                            </a> <!----></li><li><a href="/us_en/nationwide-shipping/panettone-italian-desserts/pistachio-panettones">
                                Pistachio
                            </a> <!----></li><li><a href="/us_en/nationwide-shipping/panettone-italian-desserts/gluten-free-panettones">
                                Gluten Free
                            </a> <!----></li><li><a href="/us_en/nationwide-shipping/panettone-italian-desserts/pandoro-italian-desserts">
                                Pandoro
                            </a> <!----></li><li><a href="/us_en/nationwide-shipping/panettone-italian-desserts/eataly-iconic-panettones">
                                Eataly Icons
                            </a> <!----></li></ul></li><li><a href="/us_en/nationwide-shipping/gifts">
                        Gifts
                    </a> <ul><li><a href="/us_en/nationwide-shipping/gifts/gift-boxes">
                                Gift Boxes
                            </a> <!----></li><li><a href="/us_en/nationwide-shipping/gifts/for-the-chef">
                                For the Chef
                            </a> <!----></li><li><a href="/us_en/nationwide-shipping/gifts/gifts-for-the-home">
                                For the Home
                            </a> <!----></li><li><a href="/us_en/nationwide-shipping/gifts/chocolate-lover-gifts">
                                Chocolate Lovers
                            </a> <!----></li><li><a href="/us_en/nationwide-shipping/gifts/coffee-lovers">
                                Coffee Lovers
                            </a> <!----></li><li><a href="/us_en/nationwide-shipping/gifts/pasta-lovers">
                                Pasta Lovers
                            </a> <!----></li><li><a href="/us_en/nationwide-shipping/gifts/the-best-of-eataly-gifts">
                                The Best of Eataly
                            </a> <!----></li><li><a href="/us_en/nationwide-shipping/gifts/gifts-under-125">
                                Gifts Under $125
                            </a> <!----></li><li><a href="/us_en/nationwide-shipping/gifts/olive-oil-vinegar-gifts">
                                Olive Oil &amp; Vinegar
                            </a> <!----></li><li><a href="/us_en/nationwide-shipping/gifts/eataly-e-gift-card">
                                Eataly E-Gift Card
                            </a> <!----></li></ul></li><li><a href="/us_en/nationwide-shipping/chocolate-and-sweets">
                        Chocolate &amp; Sweets
                    </a> <ul><li><a href="/us_en/nationwide-shipping/chocolate-and-sweets/boxed-chocolates">
                                Boxed Chocolates
                            </a> <!----></li><li><a href="/us_en/nationwide-shipping/chocolate-and-sweets/chocolate-bars">
                                Chocolate Bars
                            </a> <!----></li><li><a href="/us_en/nationwide-shipping/chocolate-and-sweets/gifts-cookies">
                                Cookies
                            </a> <!----></li><li><a href="/us_en/nationwide-shipping/chocolate-and-sweets/eataly-icon-chocolates">
                                Eataly Icons
                            </a> <!----></li><li><a href="/us_en/nationwide-shipping/chocolate-and-sweets/all-gourmet-chocolate">
                                All Gourmet Chocolate
                            </a> <!----></li></ul></li><li><a href="/us_en/nationwide-shipping/eataly-icons">
                        Eataly Icons
                    </a> <ul><li><a href="/us_en/nationwide-shipping/eataly-icons/eataly-icons-eatalypasta">
                                Eataly Pasta
                            </a> <!----></li><li><a href="/us_en/nationwide-shipping/eataly-icons/eataly-icons-chocolates-and-spreads">
                                Eataly Chocolate &amp; Spreads
                            </a> <!----></li><li><a href="/us_en/nationwide-shipping/eataly-icons/eataly-icons-oils-and-sauces">
                                Eataly Oils &amp; Vinegars
                            </a> <!----></li><li><a href="/us_en/nationwide-shipping/eataly-icons/eataly-icons-panettone-pandoro">
                                Eataly Panettone &amp; Pandoro
                            </a> <!----></li><li><a href="/us_en/nationwide-shipping/eataly-icons/eataly-icons-coffee-espressp">
                                Eataly Coffee &amp; Espresso
                            </a> <!----></li><li><a href="/us_en/nationwide-shipping/eataly-icons/eataly-icon-sauces">
                                Eataly Sauces
                            </a> <!----></li></ul></li><li><a href="/us_en/nationwide-shipping/eataly-caffe-icons">
                        Eataly Caff  Icons
                    </a> <!----></li><li><a href="/us_en/nationwide-shipping/holiday-best-sellers-2025">
                        Holiday Best Sellers
                    </a> <ul><li><a href="/us_en/nationwide-shipping/holiday-best-sellers-2025/hbs-chocolate">
                                Chocolate
                            </a> <!----></li><li><a href="/us_en/nationwide-shipping/holiday-best-sellers-2025/hbs-coffee">
                                Coffee
                            </a> <!----></li><li><a href="/us_en/nationwide-shipping/holiday-best-sellers-2025/hbs-cookies-and-sweets">
                                Cookies &amp; Sweets
                            </a> <!----></li><li><a href="/us_en/nationwide-shipping/holiday-best-sellers-2025/hbs-gift-boxes">
                                Gift Boxes
                            </a> <!----></li><li><a href="/us_en/nationwide-shipping/holiday-best-sellers-2025/hbs-oil-and-vinegar">
                                Oil &amp; Vinegar
                            </a> <!----></li><li><a href="/us_en/nationwide-shipping/holiday-best-sellers-2025/hbs-panettone-and-pandoro">
                                Panettone &amp; Pandoro
                            </a> <!----></li><li><a href="/us_en/nationwide-shipping/holiday-best-sellers-2025/hbs-pasta-and-sauces">
                                Pasta &amp; Sauces
                            </a> <!----></li><li><a href="/us_en/nationwide-shipping/holiday-best-sellers-2025/hbs-savory-snacks">
                                Savory Snacks
                            </a> <!----></li><li><a href="/us_en/nationwide-shipping/holiday-best-sellers-2025/hbs-sweet-spreads">
                                Sweet Spreads
                            </a> <!----></li><li><a href="/us_en/nationwide-shipping/holiday-best-sellers-2025/hbs-thoughtful-gifts">
                                Thoughtful Gifts
                            </a> <!----></li><li><a href="/us_en/nationwide-shipping/holiday-best-sellers-2025/shop-all-holiday-best-sellers">
                                Shop All Holiday Best Sellers
                            </a> <!----></li></ul></li><li><a href="/us_en/nationwide-shipping/best-sellers">
                        Best Sellers
                    </a> <!----></li><li><a href="/us_en/nationwide-shipping/holiday-hosting-1">
                        Holiday Hosting
                    </a> <ul><li><a href="/us_en/nationwide-shipping/holiday-hosting-1/cooking-staples">
                                Cooking Staples
                            </a> <!----></li><li><a href="/us_en/nationwide-shipping/holiday-hosting-1/antipasto">
                                Antipasto
                            </a> <!----></li><li><a href="/us_en/nationwide-shipping/holiday-hosting-1/tools-holiday-hosting">
                                Tools
                            </a> <!----></li><li><a href="/us_en/nationwide-shipping/holiday-hosting-1/desserts-holiday-hosting">
                                Dessert
                            </a> <!----></li><li><a href="/us_en/nationwide-shipping/holiday-hosting-1/first-course">
                                First Course
                            </a> <!----></li><li><a href="/us_en/nationwide-shipping/holiday-hosting-1/serveware">
                                Serveware
                            </a> <!----></li><li><a href="/us_en/nationwide-shipping/holiday-hosting-1/drinkware">
                                Drinkware
                            </a> <!----></li><li><a href="/us_en/nationwide-shipping/holiday-hosting-1/finishing-touches">
                                Finishing Touches
                            </a> <!----></li><li><a href="/us_en/nationwide-shipping/holiday-hosting-1/holiday-hosting-all">
                                Shop All Holiday Hosting
                            </a> <!----></li></ul></li><li><a href="/us_en/nationwide-shipping/stocking-stuffers">
                        Stocking Stuffers
                    </a> <!----></li><li><a href="/us_en/nationwide-shipping/bundles-cases-packs">
                        Bundles, Cases, and Packs
                    </a> <!----></li><li><a href="/us_en/nationwide-shipping/pasta">
                        Pasta
                    </a> <ul><li><a href="/us_en/nationwide-shipping/pasta/all-pasta">
                                All Pasta
                            </a> <!----></li><li><a href="/us_en/nationwide-shipping/pasta/eataly-signature-pastas">
                                Eataly Icons
                            </a> <!----></li><li><a href="/us_en/nationwide-shipping/pasta/egg-pasta">
                                Egg Pasta
                            </a> <!----></li><li><a href="/us_en/nationwide-shipping/pasta/flavored-pasta">
                                Flavored Pasta
                            </a> <!----></li><li><a href="/us_en/nationwide-shipping/pasta/gluten-free-pasta">
                                Gluten-Free Pasta
                            </a> <!----></li><li><a href="/us_en/nationwide-shipping/pasta/alternative-grains-pasta">
                                Alternative Grains Pasta
                            </a> <!----></li></ul></li><li><a href="/us_en/nationwide-shipping/oil-and-vinegar">
                        Oil &amp; Vinegar
                    </a> <ul><li><a href="/us_en/nationwide-shipping/oil-and-vinegar/bold-evoo/olive-oils">
                                Oils
                            </a> <!----></li><li><a href="/us_en/nationwide-shipping/oil-and-vinegar/vinegars">
                                Vinegars
                            </a> <!----></li></ul></li><li><a href="/us_en/nationwide-shipping/bakery">
                        Bakery
                    </a> <ul><li><a href="/us_en/nationwide-shipping/bakery/eataly-cookies-and-biscotti">
                                Cookies &amp; Biscotti
                            </a> <!----></li><li><a href="/us_en/nationwide-shipping/bakery/eataly-cookies/eataly-honey">
                                Honey
                            </a> <!----></li><li><a href="/us_en/nationwide-shipping/bakery/eataly-cookies/eataly-honey/spreads">
                                Spreads
                            </a> <!----></li></ul></li><li><a href="/us_en/nationwide-shipping/coffee-and-tea">
                        Coffee &amp; Tea
                    </a> <ul><li><a href="/us_en/nationwide-shipping/coffee-and-tea/caffe-italia">
                                Coffee
                            </a> <!----></li><li><a href="/us_en/nationwide-shipping/coffee-and-tea/espresso">
                                Espresso
                            </a> <!----></li><li><a href="/us_en/nationwide-shipping/coffee-and-tea/tea">
                                Tea
                            </a> <!----></li></ul></li><li><a href="/us_en/nationwide-shipping/pantry">
                        Pantry
                    </a> <ul><li><a href="/us_en/nationwide-shipping/pantry/tomatoes">
                                Tomatoes
                            </a> <!----></li><li><a href="/us_en/nationwide-shipping/pantry/pesto-and-pasta-sauce">
                                Pasta &amp; Pesto Sauces
                            </a> <!----></li><li><a href="/us_en/nationwide-shipping/pantry/eataly-pantry-sauces-icons">
                                Eataly Icons
                            </a> <!----></li><li><a href="/us_en/nationwide-shipping/pantry/canned-goods">
                                Canned Goods
                            </a> <!----></li><li><a href="/us_en/nationwide-shipping/pantry/rice">
                                Rice
                            </a> <!----></li><li><a href="/us_en/nationwide-shipping/pantry/olives-pickles-and-peppers">
                                Olives, Pickles, &amp; Peppers
                            </a> <!----></li><li><a href="/us_en/nationwide-shipping/pantry/flour-and-polenta">
                                Flour and Polenta
                            </a> <!----></li><li><a href="/us_en/nationwide-shipping/pantry/canned-seafood">
                                Canned Seafood
                            </a> <!----></li><li><a href="/us_en/nationwide-shipping/pantry/salt-and-spices">
                                Salt and Spices
                            </a> <!----></li><li><a href="/us_en/nationwide-shipping/pantry/canned-seafood/eataly-honey">
                                Honey
                            </a> <!----></li></ul></li><li><a href="/us_en/nationwide-shipping/sweets">
                        Sweets &amp; Snacks
                    </a> <ul><li><a href="/us_en/nationwide-shipping/sweets/candies">
                                Candies
                            </a> <!----></li><li><a href="/us_en/nationwide-shipping/sweets/chocolates">
                                Chocolates
                            </a> <!----></li><li><a href="/us_en/nationwide-shipping/sweets/cookies-and-biscotti">
                                Cookies &amp; Biscotti
                            </a> <!----></li><li><a href="/us_en/nationwide-shipping/sweets/honey">
                                Honey
                            </a> <!----></li><li><a href="/us_en/nationwide-shipping/sweets/breadsticks-and-crackers">
                                Breadsticks &amp; Crackers
                            </a> <!----></li><li><a href="/us_en/nationwide-shipping/sweets/pistachio-favorites">
                                Pistachio Favorites
                            </a> <!----></li></ul></li><li><a href="/us_en/nationwide-shipping/organic-foods">
                        Organic
                    </a> <!----></li><li><a href="/us_en/nationwide-shipping/gluten-free-foods">
                        Gluten-Free
                    </a> <!----></li><li><a href="/us_en/nationwide-shipping/caviar">
                        Caviar
                    </a> <!----></li><li><a href="/us_en/nationwide-shipping/truffles">
                        Truffles
                    </a> <!----></li><li><a href="/us_en/nationwide-shipping/meats">
                        Meats
                    </a> <ul><li><a href="/us_en/nationwide-shipping/meats/the-wagyu-shop">
                                The Wagyu Shop
                            </a> <!----></li><li><a href="/us_en/nationwide-shipping/meats/pat-lafrieda">
                                Pat LaFrieda
                            </a> <!----></li></ul></li><li><a href="/us_en/nationwide-shipping/italian-home-goods">
                        Kitchen &amp; Home
                    </a> <ul><li><a href="/us_en/nationwide-shipping/italian-home-goods/drinkware">
                                Drinkware
                            </a> <!----></li><li><a href="/us_en/nationwide-shipping/italian-home-goods/main-serveware">
                                Serveware
                            </a> <!----></li><li><a href="/us_en/nationwide-shipping/italian-home-goods/utensils">
                                Utensils
                            </a> <!----></li><li><a href="/us_en/nationwide-shipping/italian-home-goods/plates-and-bowls">
                                Plates &amp; Bowls
                            </a> <!----></li><li><a href="/us_en/nationwide-shipping/italian-home-goods/candles-and-fragrances">
                                Candles &amp; Fragrances
                            </a> <!----></li><li><a href="/us_en/nationwide-shipping/italian-home-goods/beauty">
                                Soaps &amp; Lotions
                            </a> <!----></li></ul></li><li><a href="/us_en/nationwide-shipping/italian-home-goods/home-style-and-living/tote-bags">
                        Tote Bags
                    </a> <!----></li></ul></li></ul></div></header> <!----><!----><!----> <section data-fetch-key="Homepage:0" class="homepage-wrapper"><!----> <div><div index="0" class="prismic-dynamic-component" data-v-5a9a8e8b><div class="hero-home" data-v-5a9a8e8b><a href="/us_en/nationwide-shipping/holiday-best-sellers" data-v-a90af9e0 data-v-a90af9e0 data-v-5a9a8e8b><div class="hero-home-inner" data-v-633f44dc data-v-5a9a8e8b><div class="hero-home-image hero-home-image-content-left" style="background-image:url(https://images.prismic.io/eataly-us/aSYg1mGnmrmGqTrm_Black-Friday-Banner-4_1920x500.jpg?auto=format,compress);" data-v-633f44dc><div class="hero-home-content" style="color:#FFFFFF;" data-v-633f44dc><div class="hero-home-content-inner" data-v-633f44dc><div class="hero-home-content-title" data-v-633f44dc data-v-633f44dc><h2>20% OFF Holiday <br />Best Sellers</h2></div> <div class="hero-home-content-subtitle" data-v-633f44dc data-v-633f44dc><p>Our holiday treat to you? The best price this season on our holiday <br />Best Sellers. Enjoy 20% OFF panettone, coffee, chocolates, cookies, <br />and so much more, exclusively online from December 5 to 8. </p></div> <button role="link" class="hero-home-content-cta a11y-focus-rounded" data-v-633f44dc>
                    SHOP HOLIDAY BEST SELLERS
                </button></div></div></div> <!----></div></a></div></div><div index="1" class="prismic-dynamic-component" data-v-8959531c><div class="highlight-boxes" data-v-8959531c><!----> <div class="highlight-boxes-scrollable" data-v-8959531c><div class="box" data-v-8959531c><a href="/us_en/about-eataly/eataly-restaurants" data-v-a90af9e0 data-v-a90af9e0 data-v-8959531c><div class="box-inner" data-v-984ee736 data-v-8959531c><div class="box-image-wrapper" data-v-984ee736><!----> <img width="300" height="300" src="https://images.prismic.io/eataly-us/aQUJ3LpReVYa35rs_Holiday-Hightlight-Box-2_300x300.jpg?auto=format,compress&amp;rect=0,0,300,300&amp;w=300&amp;h=300" alt="Celebrate the Holidays at Eataly 2025" data-v-984ee736 data-v-984ee736></div> <div class="box-text-wrapper" data-v-984ee736><div class="box-title" data-v-984ee736 data-v-984ee736><h2>CELEBRATE THE HOLIDAYS</h2></div> <div class="box-subtitle" data-v-984ee736 data-v-984ee736><p>Indulge in festive menus at our restaurants.</p></div> <div class="box-link-wrapper" data-v-984ee736><span class="box-link" data-v-984ee736>LEARN MORE</span> <svg version="1.1" viewBox="0 0 22 11" class="box-link-icon svg-icon svg-fill" style="width:10px;height:6px;" data-v-984ee736><path fill="#333" stroke="none" pid="0" fill="#333" fill-rule="nonzero" d="M.442.499a.75.75 0 01.971-.125l.088.068 9.522 8.549L20.499.485a.749.749 0 01.979-.02l.08.077a.75.75 0 01.02.979l-.077.08-10.477 9.407L.499 1.558A.75.75 0 01.442.498z"/></svg></div></div></div></a></div><div class="box" data-v-8959531c><a href="/us_en/local-delivery" data-v-a90af9e0 data-v-a90af9e0 data-v-8959531c><div class="box-inner" data-v-984ee736 data-v-8959531c><div class="box-image-wrapper" data-v-984ee736><!----> <img width="300" height="300" src="https://images.prismic.io/eataly-us/aQo5PbpReVYa4DLC_Local-Delivery_300x300.jpg?auto=format,compress&amp;rect=0,0,300,300&amp;w=300&amp;h=300" alt="" data-v-984ee736 data-v-984ee736></div> <div class="box-text-wrapper" data-v-984ee736><div class="box-title" data-v-984ee736 data-v-984ee736><h2>LOCAL DELIVERY</h2></div> <div class="box-subtitle" data-v-984ee736 data-v-984ee736><p>Get everything you need for holiday entertaining delivered right to your door. </p></div> <div class="box-link-wrapper" data-v-984ee736><span class="box-link" data-v-984ee736>ORDER DELIVERY</span> <svg version="1.1" viewBox="0 0 22 11" class="box-link-icon svg-icon svg-fill" style="width:10px;height:6px;" data-v-984ee736><path fill="#333" stroke="none" pid="0" fill="#333" fill-rule="nonzero" d="M.442.499a.75.75 0 01.971-.125l.088.068 9.522 8.549L20.499.485a.749.749 0 01.979-.02l.08.077a.75.75 0 01.02.979l-.077.08-10.477 9.407L.499 1.558A.75.75 0 01.442.498z"/></svg></div></div></div></a></div><div class="box" data-v-8959531c><a href="/us_en/go-to-eatalyvino" data-v-a90af9e0 data-v-a90af9e0 data-v-8959531c><div class="box-inner" data-v-984ee736 data-v-8959531c><div class="box-image-wrapper" data-v-984ee736><!----> <img width="300" height="300" src="https://images.prismic.io/eataly-us/10a22f27-afa0-416c-92e7-b18344fe977d_wine-delivery-final.jpg?auto=format%2Ccompress&amp;rect=11%2C0%2C472%2C472&amp;w=300&amp;h=300" alt="Wine Delivery" data-v-984ee736 data-v-984ee736></div> <div class="box-text-wrapper" data-v-984ee736><div class="box-title" data-v-984ee736 data-v-984ee736><h2>SHOP VINO</h2></div> <div class="box-subtitle" data-v-984ee736 data-v-984ee736><p>Explore our collection of premium Italian wine, beers, and spirits, both in-store and online.</p></div> <div class="box-link-wrapper" data-v-984ee736><span class="box-link" data-v-984ee736>SHOP NOW</span> <svg version="1.1" viewBox="0 0 22 11" class="box-link-icon svg-icon svg-fill" style="width:10px;height:6px;" data-v-984ee736><path fill="#333" stroke="none" pid="0" fill="#333" fill-rule="nonzero" d="M.442.499a.75.75 0 01.971-.125l.088.068 9.522 8.549L20.499.485a.749.749 0 01.979-.02l.08.077a.75.75 0 01.02.979l-.077.08-10.477 9.407L.499 1.558A.75.75 0 01.442.498z"/></svg></div></div></div></a></div></div></div></div><div index="2" class="prismic-dynamic-component" data-v-4cef88ee><div class="store-carousel store_carousele84207a7-2cf1-46ce-8807-6c8f93fedc8f" data-v-4cef88ee><div class="store-carousel-title" data-v-4cef88ee data-v-4cef88ee><h2>SHOP OUR PRODUCTS</h2></div> <div class="store-carousel-description" data-v-4cef88ee data-v-4cef88ee></div> <div class="store-carousel-inner-wrapper" data-v-4cef88ee><div class="store-carousel-gallery-wrapper" data-v-4cef88ee><div class="swiper-wrapper store-carousel-gallery" data-v-4cef88ee><div class="store-carousel-gallery-item swiper-slide" data-v-4cef88ee><a href="/us_en/gifts-holiday-collection/12-days-of-eataly" data-v-a90af9e0 data-v-a90af9e0 data-v-4cef88ee><figure class="store-carousel-image" data-v-4cef88ee><img loading="lazy" width="300" height="300" src="https://images.prismic.io/eataly-us/aTCveHNYClf9nySN_Website_Day05.gif?auto=format,compress&amp;rect=0,0,300,300&amp;w=300&amp;h=300" alt="12 Days of Eataly - Day 5" data-v-4cef88ee></figure> <figcaption class="store-carousel-caption" data-v-4cef88ee><div data-v-4cef88ee><h3>12 DAYS OF EATALY</h3></div></figcaption></a></div><div class="store-carousel-gallery-item swiper-slide" data-v-4cef88ee><a href="/us_en/gifting" data-v-a90af9e0 data-v-a90af9e0 data-v-4cef88ee><figure class="store-carousel-image" data-v-4cef88ee><img loading="lazy" width="300" height="300" src="https://images.prismic.io/eataly-us/79ee0723-5d6b-4c63-831b-3d790dd07904_Gifts.jpg?auto=compress,format&amp;rect=0,0,300,300&amp;w=300&amp;h=300" alt="" data-v-4cef88ee></figure> <figcaption class="store-carousel-caption" data-v-4cef88ee><div data-v-4cef88ee><h3>GIFTS</h3></div></figcaption></a></div><div class="store-carousel-gallery-item swiper-slide" data-v-4cef88ee><a href="/us_en/nationwide-shipping/panettone-italian-desserts" data-v-a90af9e0 data-v-a90af9e0 data-v-4cef88ee><figure class="store-carousel-image" data-v-4cef88ee><img loading="lazy" width="300" height="300" src="https://images.prismic.io/eataly-us/Zv_lIbVsGrYSwX9R_Panettone-New.jpg?auto=format,compress&amp;rect=0,0,300,300&amp;w=300&amp;h=300" alt="" data-v-4cef88ee></figure> <figcaption class="store-carousel-caption" data-v-4cef88ee><div data-v-4cef88ee><h3>PANETTONE</h3></div></figcaption></a></div><div class="store-carousel-gallery-item swiper-slide" data-v-4cef88ee><a href="/us_en/nationwide-shipping/best-sellers" data-v-a90af9e0 data-v-a90af9e0 data-v-4cef88ee><figure class="store-carousel-image" data-v-4cef88ee><img loading="lazy" width="300" height="300" src="https://images.prismic.io/eataly-us/9d783f59-774f-46ad-98dd-4a4c9a82576e_Best-Sellers-02.jpg?auto=compress,format&amp;rect=0,0,300,300&amp;w=300&amp;h=300" alt="Best Sellers" data-v-4cef88ee></figure> <figcaption class="store-carousel-caption" data-v-4cef88ee><div data-v-4cef88ee><h3>BEST SELLERS</h3></div></figcaption></a></div><div class="store-carousel-gallery-item swiper-slide" data-v-4cef88ee><a href="/us_en/nationwide-shipping/pasta" data-v-a90af9e0 data-v-a90af9e0 data-v-4cef88ee><figure class="store-carousel-image" data-v-4cef88ee><img loading="lazy" width="300" height="300" src="https://images.prismic.io/eataly-us/97a224fc-8a38-450a-add0-014335c2343d_Pasta-02.jpg?auto=compress,format&amp;rect=0,0,300,300&amp;w=300&amp;h=300" alt="Pasta" data-v-4cef88ee></figure> <figcaption class="store-carousel-caption" data-v-4cef88ee><div data-v-4cef88ee><h3>PASTA</h3></div></figcaption></a></div><div class="store-carousel-gallery-item swiper-slide" data-v-4cef88ee><a href="/us_en/go-to-eatalyvino" target="_blank" data-v-a90af9e0 data-v-a90af9e0 data-v-4cef88ee><figure class="store-carousel-image" data-v-4cef88ee><img loading="lazy" width="300" height="300" src="https://images.prismic.io/eataly-us/ZoVzXh5LeNNTww_M_Wine.jpg?auto=format%2Ccompress&amp;rect=0%2C0%2C300%2C300&amp;w=300&amp;h=300" alt="Wine" data-v-4cef88ee></figure> <figcaption class="store-carousel-caption" data-v-4cef88ee><div data-v-4cef88ee><h3>WINE</h3></div></figcaption></a></div><div class="store-carousel-gallery-item swiper-slide" data-v-4cef88ee><a href="/us_en/nationwide-shipping/extra-virgin-olive-oil" data-v-a90af9e0 data-v-a90af9e0 data-v-4cef88ee><figure class="store-carousel-image" data-v-4cef88ee><img loading="lazy" width="300" height="300" src="https://images.prismic.io/eataly-us/cd4010da-4d61-468c-98d2-2ce6461db0c0_Olive-Oil.jpg?auto=compress,format&amp;rect=0,0,300,300&amp;w=300&amp;h=300" alt="Olive Oil" data-v-4cef88ee></figure> <figcaption class="store-carousel-caption" data-v-4cef88ee><div data-v-4cef88ee><h3>OLIVE OIL</h3></div></figcaption></a></div><div class="store-carousel-gallery-item swiper-slide" data-v-4cef88ee><a href="/us_en/nationwide-shipping/caviar" data-v-a90af9e0 data-v-a90af9e0 data-v-4cef88ee><figure class="store-carousel-image" data-v-4cef88ee><img loading="lazy" width="300" height="300" src="https://images.prismic.io/eataly-us/8fab07a0-c0e0-468d-919a-0d40e31e0ffe_Caviar.jpg?auto=compress,format&amp;rect=0,0,300,300&amp;w=300&amp;h=300" alt="CAVIAR" data-v-4cef88ee></figure> <figcaption class="store-carousel-caption" data-v-4cef88ee><div data-v-4cef88ee><h3>CAVIAR</h3></div></figcaption></a></div><div class="store-carousel-gallery-item swiper-slide" data-v-4cef88ee><a href="/us_en/nationwide-shipping/sweets" data-v-a90af9e0 data-v-a90af9e0 data-v-4cef88ee><figure class="store-carousel-image" data-v-4cef88ee><img loading="lazy" width="300" height="300" src="https://images.prismic.io/eataly-us/cdfc7c85-60c4-4f94-8d64-f494504759de_Sweets.jpg?auto=compress,format&amp;rect=0,0,300,300&amp;w=300&amp;h=300" alt="SWEETS" data-v-4cef88ee></figure> <figcaption class="store-carousel-caption" data-v-4cef88ee><div data-v-4cef88ee><h3>SWEETS</h3></div></figcaption></a></div><div class="store-carousel-gallery-item swiper-slide" data-v-4cef88ee><a href="/us_en/nationwide-shipping/truffles" data-v-a90af9e0 data-v-a90af9e0 data-v-4cef88ee><figure class="store-carousel-image" data-v-4cef88ee><img loading="lazy" width="300" height="300" src="https://images.prismic.io/eataly-us/caff0997-d53e-4fbd-9823-3dff61770f99_truffles.jpg?auto=format,compress&amp;rect=0,0,300,300&amp;w=300&amp;h=300" alt="Truffles" data-v-4cef88ee></figure> <figcaption class="store-carousel-caption" data-v-4cef88ee><div data-v-4cef88ee><h3>TRUFFLES</h3></div></figcaption></a></div><div class="store-carousel-gallery-item swiper-slide" data-v-4cef88ee><a href="/us_en/nationwide-shipping/meats" data-v-a90af9e0 data-v-a90af9e0 data-v-4cef88ee><figure class="store-carousel-image" data-v-4cef88ee><img loading="lazy" width="300" height="300" src="https://images.prismic.io/eataly-us/fe7bd938-54f4-4d5e-8290-021558f966b8_Meat_V2.jpg?auto=compress,format&amp;rect=0,0,300,300&amp;w=300&amp;h=300" alt="MEAT" data-v-4cef88ee></figure> <figcaption class="store-carousel-caption" data-v-4cef88ee><div data-v-4cef88ee><h3>MEAT</h3></div></figcaption></a></div><div class="store-carousel-gallery-item swiper-slide" data-v-4cef88ee><a href="/us_en/nationwide-shipping/vinegars" data-v-a90af9e0 data-v-a90af9e0 data-v-4cef88ee><figure class="store-carousel-image" data-v-4cef88ee><img loading="lazy" width="300" height="300" src="https://images.prismic.io/eataly-us/f915a272-9ac8-499c-8556-d7a56163d1e0_Vinegar.jpg?auto=compress,format&amp;rect=0,0,300,300&amp;w=300&amp;h=300" alt="VINEGAR" data-v-4cef88ee></figure> <figcaption class="store-carousel-caption" data-v-4cef88ee><div data-v-4cef88ee><h3>VINEGAR</h3></div></figcaption></a></div><div class="store-carousel-gallery-item swiper-slide" data-v-4cef88ee><a href="/us_en/nationwide-shipping/coffee-and-tea" data-v-a90af9e0 data-v-a90af9e0 data-v-4cef88ee><figure class="store-carousel-image" data-v-4cef88ee><img loading="lazy" width="300" height="300" src="https://images.prismic.io/eataly-us/9ddf6c25-90f3-4e35-968d-c1768ff14950_coffee.jpg?auto=format,compress&amp;rect=0,0,300,300&amp;w=300&amp;h=300" alt="" data-v-4cef88ee></figure> <figcaption class="store-carousel-caption" data-v-4cef88ee><div data-v-4cef88ee><h3>COFFEE AND TEA</h3></div></figcaption></a></div><div class="store-carousel-gallery-item swiper-slide" data-v-4cef88ee><a href="/us_en/nationwide-shipping/organic-foods" data-v-a90af9e0 data-v-a90af9e0 data-v-4cef88ee><figure class="store-carousel-image" data-v-4cef88ee><img loading="lazy" width="300" height="300" src="https://images.prismic.io/eataly-us/8681facf-a9d0-4737-b053-6a4d08ef7791_Organic.jpg?auto=compress,format&amp;rect=0,0,300,300&amp;w=300&amp;h=300" alt="ORGANIC" data-v-4cef88ee></figure> <figcaption class="store-carousel-caption" data-v-4cef88ee><div data-v-4cef88ee><h3>ORGANIC</h3></div></figcaption></a></div><div class="store-carousel-gallery-item swiper-slide" data-v-4cef88ee><a href="/us_en/nationwide-shipping/gluten-free-foods" data-v-a90af9e0 data-v-a90af9e0 data-v-4cef88ee><figure class="store-carousel-image" data-v-4cef88ee><img loading="lazy" width="300" height="300" src="https://images.prismic.io/eataly-us/49dae2eb-4603-4227-96eb-188388d53df4_GlutenFree.jpg?auto=compress,format&amp;rect=0,0,300,300&amp;w=300&amp;h=300" alt="GLUTEN FREE" data-v-4cef88ee></figure> <figcaption class="store-carousel-caption" data-v-4cef88ee><div data-v-4cef88ee><h3>GLUTEN FREE</h3></div></figcaption></a></div><div class="store-carousel-gallery-item swiper-slide" data-v-4cef88ee><a href="/us_en/nationwide-shipping/italian-home-goods" data-v-a90af9e0 data-v-a90af9e0 data-v-4cef88ee><figure class="store-carousel-image" data-v-4cef88ee><img loading="lazy" width="300" height="300" src="https://images.prismic.io/eataly-us/303b7721-17a1-42b6-9551-fdaa5b0dac68_Home.jpg?auto=compress,format&amp;rect=0,0,300,300&amp;w=300&amp;h=300" alt="HOME &amp; LIFESTYLE" data-v-4cef88ee></figure> <figcaption class="store-carousel-caption" data-v-4cef88ee><div data-v-4cef88ee><h3>HOME &amp; LIFESTYLE</h3></div></figcaption></a></div></div></div> <div class="swiper-navigation store-carousel-navigation" data-v-4cef88ee><div tabindex="-1" class="swiper-button-prev swiper-button"><svg version="1.1" viewBox="0 0 12 23" aria-label="Go to previous" class="svg-icon svg-fill"><path fill="#fff" stroke="none" pid="0" d="M.87 22.187a.75.75 0 01-.125-.971l.068-.088 8.549-9.522L.856 2.13a.75.75 0 01-.02-.979l.077-.08a.75.75 0 01.979-.02l.08.077 9.407 10.477-9.45 10.525a.75.75 0 01-1.059.057z" fill="#333" fill-rule="nonzero"/></svg></div> <div tabindex="-1" class="swiper-button-next swiper-button"><svg version="1.1" viewBox="0 0 12 23" aria-label="Go next" class="svg-icon svg-fill"><path fill="#fff" stroke="none" pid="0" d="M.87 22.187a.75.75 0 01-.125-.971l.068-.088 8.549-9.522L.856 2.13a.75.75 0 01-.02-.979l.077-.08a.75.75 0 01.979-.02l.08.077 9.407 10.477-9.45 10.525a.75.75 0 01-1.059.057z" fill="#333" fill-rule="nonzero"/></svg></div></div></div></div></div><div index="3" class="prismic-dynamic-component"><div class="banneree9661be-92f2-4926-9e58-549a1ed46917 banner banner-content-width"><div class="banner-item banner--has-image"><a href="/us_en/eataly-caffe" target="_blank" data-v-a90af9e0 data-v-a90af9e0><div class="banner-inner-content" data-v-96ad7a1c><div class="banner-image" style="background-image:url(https://images.prismic.io/eataly-us/aCy28idWJ-7kSXAV_Caffe-Banner_975x400.jpg?auto=format,compress);" data-v-96ad7a1c><div class="banner-content" data-v-96ad7a1c><div class="banner-content-title" data-v-96ad7a1c data-v-96ad7a1c><h1>Eataly Caff <br />is Here</h1></div> <div class="banner-content-description" data-v-96ad7a1c data-v-96ad7a1c><p>Experience a taste of Italy&#39;s renowned <br />coffeebar culture in New York City.<br />Order ahead on our new Eataly Caff app.</p></div> <!----></div></div></div></a></div></div></div><div index="4" class="prismic-dynamic-component" data-v-3721f2b3><div class="single-content cms-content" data-v-3721f2b3><div class="single-content-primary" data-v-3721f2b3><!----> <div class="single-content-title single-content-title-center" data-v-3721f2b3 data-v-3721f2b3><h2>In the New York Area? Order ahead on the Eataly Caff App.</h2></div> <div class="single-content-flex-wrapper bottom single-content-image-center" data-v-3721f2b3><div class="single-content-text single-content-text-center" data-v-3721f2b3 data-v-3721f2b3><p>Only available at Eataly Caff locations. Terms &amp; Conditions apply. </p></div> <!----></div> <div class="multiple-content multiple-content-cols2" data-v-3721f2b3><div class="multiple-content-item" data-v-3721f2b3><div class="repeatable-single-content"><div class="repeatable-single-content-primary"><img width="239" height="80" src="https://images.prismic.io/eataly-us/aBDc2_IqRLdaBtkS_AppleAppIcon_239x80.jpg?auto=format,compress" alt="" class="repeatable-single-content-image Center"> <div class="repeatable-single-content-inner"><!----> <!----> <a href="https://apps.apple.com/us/app/eataly-caff/id6670756138" class="repeatable-single-content-inner-cta as-button repeatable-single-content-inner-cta-center" data-v-a90af9e0><span data-v-a90af9e0>GET THE APP</span></a></div></div></div></div><div class="multiple-content-item" data-v-3721f2b3><div class="repeatable-single-content"><div class="repeatable-single-content-primary"><img width="270" height="80" src="https://images.prismic.io/eataly-us/aBDc3PIqRLdaBtkT_GoogleAppIcon_270x80.jpg?auto=format,compress" alt="" class="repeatable-single-content-image Center"> <div class="repeatable-single-content-inner"><!----> <!----> <a href="https://play.google.com/store/apps/details?id=com.eatalycaffe" class="repeatable-single-content-inner-cta as-button repeatable-single-content-inner-cta-center" data-v-a90af9e0><span data-v-a90af9e0>GET THE APP</span></a></div></div></div></div></div> <!----></div></div></div><div index="5" class="prismic-dynamic-component" data-v-5ca0e040><div class="linked-images-boxes linked-images-boxes-line-by-line" data-v-5ca0e040><div class="linked-images-boxes-wrapper" data-v-5ca0e040><div class="linked-images-boxes-title" data-v-5ca0e040 data-v-5ca0e040><h2>HOLIDAY ALL&#39;ITALIANA</h2></div> <div class="linked-images-boxes-description" data-v-5ca0e040 data-v-5ca0e040><p>Celebrate the holidays this year with our favorites, delivered fresh to you, or even at our table, no dishes required.</p></div> <ul class="cards cards-cols2" data-v-5ca0e040><li class="card card-rectangular card-centered" data-v-5ca0e040><div class="card-inner" data-v-76b70c1c data-v-5ca0e040><a href="/us_en/holiday" data-v-a90af9e0 data-v-a90af9e0 data-v-76b70c1c><div class="card-header" data-v-76b70c1c><figure data-v-76b70c1c><img width="970" height="472" loading="lazy" src="https://images.prismic.io/eataly-us/aS9VRHNYClf9nuSW_Holiday-Hero-2_970x472.jpg?auto=format,compress&amp;rect=0,0,970,472&amp;w=970&amp;h=472" alt="" class="linked-images-boxes-image" data-v-76b70c1c></figure> <div class="card-title" data-v-76b70c1c><h2>CELEBRATE WITH US</h2></div></div> <div class="card-text" data-v-76b70c1c><p>Let us take care of the hard work for you. From catering and local delivery to dining in our restaurants, we&#39;ll make this your easiest holiday yet.</p></div></a> <a href="/us_en/holiday" class="card-cta as-button" data-v-a90af9e0 data-v-a90af9e0 data-v-76b70c1c><span data-v-a90af9e0>EXPLORE HOLIDAYS</span></a></div></li><li class="card card-rectangular card-centered" data-v-5ca0e040><div class="card-inner" data-v-76b70c1c data-v-5ca0e040><a href="/us_en/nationwide-shipping/holiday-hosting-1" data-v-a90af9e0 data-v-a90af9e0 data-v-76b70c1c><div class="card-header" data-v-76b70c1c><figure data-v-76b70c1c><img width="970" height="472" loading="lazy" src="https://images.prismic.io/eataly-us/aS8K2XNYClf9ntWI_Holiday-Catering_970x472.jpg?auto=format,compress&amp;rect=0,0,970,472&amp;w=970&amp;h=472" alt="" class="linked-images-boxes-image" data-v-76b70c1c></figure> <div class="card-title" data-v-76b70c1c><h2>SHOP HOSTING FAVORITES</h2></div></div> <div class="card-text" data-v-76b70c1c><p>The most important time of the year for entertaining is here. Order ingredients, tools, and hosting must-haves, all delivered right to your door.</p></div></a> <a href="/us_en/nationwide-shipping/holiday-hosting-1" class="card-cta as-button" data-v-a90af9e0 data-v-a90af9e0 data-v-76b70c1c><span data-v-a90af9e0>SHOP HOSTING</span></a></div></li></ul> <!----></div></div></div><div index="6" class="prismic-dynamic-component"><div class="banner2e2ad749-b6ed-49c4-8e57-a8d520e391e6 banner banner-content-width"><div class="banner-item banner--has-image"><span data-v-a90af9e0><div class="banner-inner-content" data-v-96ad7a1c><div class="banner-image" style="background-image:url(https://images.prismic.io/eataly-us/aS9LvHNYClf9nuLi_GB-Banner-3_975x400.jpg?auto=format,compress);" data-v-96ad7a1c><div class="banner-content" data-v-96ad7a1c><div class="banner-content-title" data-v-96ad7a1c data-v-96ad7a1c><h1>Curated Gift Boxes</h1></div> <div class="banner-content-description" data-v-96ad7a1c data-v-96ad7a1c><p>Cross everyone off your list, without even needing to check it twice. From themed wine collections to Italian household staples, our gift boxes are the perfect way to show someone you care. </p></div> <!----></div></div></div></span></div></div></div><div data-fetch-key="data-v-6dc1bbe5:0" class="prismic-dynamic-component carousel-cms-product-cards-204684-7" data-v-6dc1bbe5><div class="cms-product-cards cms-product-cards--visible" style="background-color:#fff;" data-v-6dc1bbe5><div class="cms-product-cards-title" data-v-6dc1bbe5 data-v-6dc1bbe5><h2>ARTISANAL GIFT BOXES</h2></div> <div class="cms-product-cards-description" data-v-6dc1bbe5 data-v-6dc1bbe5><p>Holiday gifting made easy.</p></div> <div class="cms-product-cards-inner cards-per-view-4" data-v-6dc1bbe5><div class="swiper-container-mobile" data-v-6dc1bbe5><div class="swiper-wrapper cms-product-cards-carousel cms-product-cards-carousel--has-pagination" data-v-6dc1bbe5><div class="swiper-slide cms-product-cards-carousel-slide" data-v-6dc1bbe5><div class="product-card-container" data-v-4eb474b4 data-v-6dc1bbe5><div class="product-card-wrapper" data-v-4eb474b4><div class="product-card" data-v-4eb474b4><div data-v-4eb474b4><div class="wishlist-wrapper" data-v-2ece9c9d><div class="wishlist-banner" style="display:none;" data-v-2ece9c9d><span data-v-2ece9c9d>
            
        </span> <!----></div> <div class="wishlist-icon dense-grid-layout" style="display:none;" data-v-2ece9c9d><span style="display:none;" data-v-2ece9c9d>Add to wishlist</span> <svg version="1.1" viewBox="0 0 16 21" class="icon svg-icon svg-fill" style="width:16px;height:21px;" data-v-2ece9c9d><path fill="#737373" stroke="none" pid="0" d="M7.683 8.068a.658.658 0 00-.929-.001l-2.16 2.161-.848-.849a.657.657 0 00-.928.928L4.13 11.62a.66.66 0 00.928.001l2.625-2.625a.657.657 0 000-.928zm0 5.25a.658.658 0 00-.929-.001l-2.16 2.161-.848-.848a.657.657 0 00-.928.928l1.312 1.313a.654.654 0 00.928 0l2.625-2.625a.657.657 0 000-.928zm4.786-4.13H9.844a.656.656 0 000 1.312h2.625a.656.656 0 000-1.313zm0 5.25H9.844a.656.656 0 000 1.312h2.625a.656.656 0 000-1.313z"/><path fill="#737373" stroke="none" pid="1" d="M14.438 2.625h-2.626v-.656a.656.656 0 00-.656-.657H9.732A1.974 1.974 0 007.875 0C7.019 0 6.29.549 6.018 1.313H4.594a.656.656 0 00-.657.656v.656H1.313C.589 2.625 0 3.215 0 3.938v15.75C0 20.41.59 21 1.313 21h13.124c.724 0 1.313-.59 1.313-1.313V3.938c0-.723-.59-1.312-1.313-1.312zm-9.188 0h1.313a.656.656 0 00.656-.656.656.656 0 011.312 0c0 .362.294.656.656.656H10.5v1.313H5.25V2.625zm9.188 17.063H1.312V3.938h2.625v.656c0 .362.294.656.657.656h6.562a.656.656 0 00.656-.656v-.657h2.626v15.75z"/></svg></div></div> <!----></div> <div class="product-card-event-label-wrapper" data-v-4eb474b4><!----></div> <div class="product-card-content" data-v-4eb474b4><a href="/us_en/eataly-butta-la-pasta" class="product-link" data-v-4eb474b4><div class="product-card-image-name-manufacturer" data-v-4eb474b4><div class="product-card-image" data-v-4eb474b4><img width="200" height="200" alt="Butta la Pasta Gift Box" src="https://www.eataly.com/media/catalog/product/a/d/adobe_express_-_file_2__10_2.png" loading="lazy" class="product-image" data-v-4eb474b4> <div class="product-badge product-badge product-badge--discount" data-v-608c9b3f data-v-4eb474b4><span data-v-608c9b3f>Offer -20%</span></div></div> <div class="name-manufacturer" data-v-4eb474b4><div data-test-e2e="product-card-product-name" class="product-card-name" data-v-4eb474b4><span data-v-4eb474b4>
                                    Butta la Pasta Gift Box
                                </span></div> <div class="product-card-manufacturer" data-v-4eb474b4><!----> <span data-v-4eb474b4>
                                    Eataly
                                </span></div> <!----></div></div></a> <div class="product-card-price-add-info" data-v-4eb474b4><!----> <div class="add-info" data-v-4eb474b4><div class="product-card-info" data-v-4eb474b4><div class="item-info" data-v-4eb474b4><div data-v-4eb474b4></div> <div data-v-4eb474b4>1 Unit</div></div> <div class="price" data-v-4eb474b4><div class="original-price" data-v-4eb474b4>
                                    $164.99
                                </div> <div class="final-price" data-v-4eb474b4>$131.99</div></div></div> <div class="product-card-add" data-v-4eb474b4><div data-test-e2e="add-to-cart-button" class="button-wrapper add-to-cart-button dense-grid-layout" data-v-1956333b data-v-4eb474b4><div data-test-e2e="add-to-cart-no-items" tabindex="0" role="button" class="button-no-items a11y-focus-standard" data-v-1956333b><!----> <div class="no-items-label dense-grid-layout" data-v-1956333b><svg version="1.1" viewBox="0 0 388 339" class="cart-icon svg-icon svg-fill" style="width:17px;height:15px;" data-v-1956333b><path fill="#fff" stroke="none" pid="0" id="Layer" fill-rule="evenodd" d="M128.11 224.12c-2.84 0-5.57 1.13-7.58 3.14a10.726 10.726 0 00-3.14 7.58c0 2.84 1.13 5.57 3.14 7.58 2.01 2.01 4.74 3.14 7.58 3.14h196.36c2.84 0 5.57 1.13 7.58 3.14 2.01 2.01 3.14 4.74 3.14 7.58s-1.13 5.57-3.14 7.58a10.726 10.726 0 01-7.58 3.14H128.11c-7.45.11-14.71-2.38-20.53-7.04a32.081 32.081 0 01-11.36-18.5 32.04 32.04 0 013-21.49c3.46-6.6 9.12-11.79 15.99-14.68-2.05-9.14-37.73-168.1-39.1-174.22H19.8c-2.84 0-5.57-1.13-7.58-3.14a10.726 10.726 0 01-3.14-7.58c0-2.84 1.13-5.57 3.14-7.58 2.01-2.01 4.74-3.14 7.58-3.14h65c1.22-.01 2.42.19 3.57.59 1.15.4 2.23.99 3.18 1.74.96.76 1.77 1.67 2.42 2.7.65 1.02 1.13 2.15 1.4 3.34l7.74 34.52h264.67a10.708 10.708 0 014.82 1.12c.75.37 1.46.83 2.1 1.36.64.53 1.22 1.13 1.73 1.79.5.66.93 1.37 1.26 2.13.34.75.59 1.55.74 2.36a10.555 10.555 0 01-.24 4.91l-43.31 150.13c-.33 1.12-.83 2.17-1.5 3.13-.66.95-1.48 1.8-2.41 2.49-.93.7-1.97 1.24-3.08 1.6-1.1.37-2.26.55-3.42.55H128.08l.03.03zm8.69-22.48h179.5L353.43 73H107.92l28.88 128.64z" fill="#000"/><path fill="#fff" stroke="none" pid="1" id="Layer" fill-rule="evenodd" d="M178.07 298.32c0 17.74-14.21 32.17-31.68 32.17s-31.68-14.43-31.68-32.17c0-17.74 14.21-32.17 31.68-32.17s31.68 14.43 31.68 32.17zm-27.98 9.94c1.18-.48 2.25-1.2 3.14-2.1.9-.89 1.62-1.96 2.1-3.14.49-1.17.74-2.43.74-3.7 0-3.92-2.36-7.44-5.98-8.94a9.66 9.66 0 00-10.54 2.1 9.66 9.66 0 00-2.1 10.54 9.672 9.672 0 008.94 5.98c1.27 0 2.53-.25 3.7-.74zM304.69 267c17.47 0 31.67 14.4 31.67 32.14 0 17.74-14.21 32.17-31.68 32.17S273 316.88 273 299.14c0-17.73 14.22-32.14 31.69-32.14zm-.3 22.71a9.7 9.7 0 00-3.68.73 9.534 9.534 0 00-3.12 2.08c-.9.89-1.6 1.95-2.09 3.12a9.7 9.7 0 00-.73 3.68 9.61 9.61 0 005.93 8.88c3.59 1.49 7.73.66 10.48-2.08a9.632 9.632 0 002.08-10.48 9.61 9.61 0 00-8.88-5.93h.01z" fill="#000"/></svg> <span class="cart-icon-text" data-v-1956333b>Add to cart</span></div></div></div></div></div></div></div></div> <div class="product-card-back" data-v-4eb474b4><div class="wishlist-drop-down-wrapper" style="display:none;" data-v-f16d327c data-v-4eb474b4><div class="wishlist-drop-down-banner" data-v-344dcb9e data-v-f16d327c>
    Choose a wishlist
    <svg version="1.1" viewBox="0 0 16 21" class="icon svg-icon svg-fill" style="width:16px;height:21px;" data-v-344dcb9e><path fill="white" stroke="none" pid="0" d="M7.683 8.068a.658.658 0 00-.929-.001l-2.16 2.161-.848-.849a.657.657 0 00-.928.928L4.13 11.62a.66.66 0 00.928.001l2.625-2.625a.657.657 0 000-.928zm0 5.25a.658.658 0 00-.929-.001l-2.16 2.161-.848-.848a.657.657 0 00-.928.928l1.312 1.313a.654.654 0 00.928 0l2.625-2.625a.657.657 0 000-.928zm4.786-4.13H9.844a.656.656 0 000 1.312h2.625a.656.656 0 000-1.313zm0 5.25H9.844a.656.656 0 000 1.312h2.625a.656.656 0 000-1.313z"/><path fill="white" stroke="none" pid="1" d="M14.438 2.625h-2.626v-.656a.656.656 0 00-.656-.657H9.732A1.974 1.974 0 007.875 0C7.019 0 6.29.549 6.018 1.313H4.594a.656.656 0 00-.657.656v.656H1.313C.589 2.625 0 3.215 0 3.938v15.75C0 20.41.59 21 1.313 21h13.124c.724 0 1.313-.59 1.313-1.313V3.938c0-.723-.59-1.312-1.313-1.312zm-9.188 0h1.313a.656.656 0 00.656-.656.656.656 0 011.312 0c0 .362.294.656.656.656H10.5v1.313H5.25V2.625zm9.188 17.063H1.312V3.938h2.625v.656c0 .362.294.656.657.656h6.562a.656.656 0 00.656-.656v-.657h2.626v15.75z"/></svg> <div class="closing-icon" style="display:none;" data-v-344dcb9e><svg version="1.1" viewBox="0 0 18 18" class="remove-icon svg-icon svg-fill" style="width:10px;height:10px;" data-v-344dcb9e><path fill="#fff" stroke="none" pid="0" fill="#333" d="M17.755 1.814A.699.699 0 0018 1.273a.738.738 0 00-.245-.554.803.803 0 00-.573-.219.855.855 0 00-.587.219L9 7.905 1.39.719A.797.797 0 00.818.5a.855.855 0 00-.586.219.758.758 0 00-.232.554c0 .213.077.394.232.54L7.841 9l-7.61 7.173a.761.761 0 00-.231.554c0 .214.077.394.232.541.165.155.36.232.586.232a.78.78 0 00.573-.232L9 10.095l7.595 7.173c.165.155.36.232.587.232a.781.781 0 00.573-.232.697.697 0 00.245-.54c0-.215-.081-.4-.245-.555L10.159 9l7.596-7.186z" fill-rule="evenodd"/></svg></div></div> <div class="wishlist-item-wrapper" data-v-b9033f4a data-v-f16d327c><div class="scroll" data-v-b9033f4a><div data-v-9444bd58 data-v-b9033f4a></div> <!----></div> <div class="wishlist-dropdown-link" data-v-b9033f4a><div data-v-697dda27 data-v-b9033f4a><div class="wishlist-link" data-v-697dda27><a data-v-697dda27>Create new wishlist</a></div> <div class="wishlist-link" data-v-697dda27><a data-v-697dda27>Manage wishlists</a></div></div></div></div></div></div></div></div></div><div class="swiper-slide cms-product-cards-carousel-slide" data-v-6dc1bbe5><div class="product-card-container" data-v-4eb474b4 data-v-6dc1bbe5><div class="product-card-wrapper" data-v-4eb474b4><div class="product-card" data-v-4eb474b4><div data-v-4eb474b4><div class="wishlist-wrapper" data-v-2ece9c9d><div class="wishlist-banner" style="display:none;" data-v-2ece9c9d><span data-v-2ece9c9d>
            
        </span> <!----></div> <div class="wishlist-icon dense-grid-layout" style="display:none;" data-v-2ece9c9d><span style="display:none;" data-v-2ece9c9d>Add to wishlist</span> <svg version="1.1" viewBox="0 0 16 21" class="icon svg-icon svg-fill" style="width:16px;height:21px;" data-v-2ece9c9d><path fill="#737373" stroke="none" pid="0" d="M7.683 8.068a.658.658 0 00-.929-.001l-2.16 2.161-.848-.849a.657.657 0 00-.928.928L4.13 11.62a.66.66 0 00.928.001l2.625-2.625a.657.657 0 000-.928zm0 5.25a.658.658 0 00-.929-.001l-2.16 2.161-.848-.848a.657.657 0 00-.928.928l1.312 1.313a.654.654 0 00.928 0l2.625-2.625a.657.657 0 000-.928zm4.786-4.13H9.844a.656.656 0 000 1.312h2.625a.656.656 0 000-1.313zm0 5.25H9.844a.656.656 0 000 1.312h2.625a.656.656 0 000-1.313z"/><path fill="#737373" stroke="none" pid="1" d="M14.438 2.625h-2.626v-.656a.656.656 0 00-.656-.657H9.732A1.974 1.974 0 007.875 0C7.019 0 6.29.549 6.018 1.313H4.594a.656.656 0 00-.657.656v.656H1.313C.589 2.625 0 3.215 0 3.938v15.75C0 20.41.59 21 1.313 21h13.124c.724 0 1.313-.59 1.313-1.313V3.938c0-.723-.59-1.312-1.313-1.312zm-9.188 0h1.313a.656.656 0 00.656-.656.656.656 0 011.312 0c0 .362.294.656.656.656H10.5v1.313H5.25V2.625zm9.188 17.063H1.312V3.938h2.625v.656c0 .362.294.656.657.656h6.562a.656.656 0 00.656-.656v-.657h2.626v15.75z"/></svg></div></div> <!----></div> <div class="product-card-event-label-wrapper" data-v-4eb474b4><!----></div> <div class="product-card-content" data-v-4eb474b4><a href="/us_en/eataly-the-artisanal-drizzle-holiday2025" class="product-link" data-v-4eb474b4><div class="product-card-image-name-manufacturer" data-v-4eb474b4><div class="product-card-image" data-v-4eb474b4><img width="200" height="200" alt="Artisanal Italian Drizzle Gift Box" src="https://www.eataly.com/media/catalog/product/a/d/adobe_express_-_file_58_.png" loading="lazy" class="product-image" data-v-4eb474b4> <div class="product-badge product-badge product-badge--discount" data-v-608c9b3f data-v-4eb474b4><span data-v-608c9b3f>Offer -20%</span></div></div> <div class="name-manufacturer" data-v-4eb474b4><div data-test-e2e="product-card-product-name" class="product-card-name" data-v-4eb474b4><span data-v-4eb474b4>
                                    Artisanal Italian Drizzle Gift Box
                                </span></div> <div class="product-card-manufacturer" data-v-4eb474b4><!----> <span data-v-4eb474b4>
                                    Eataly
                                </span></div> <!----></div></div></a> <div class="product-card-price-add-info" data-v-4eb474b4><!----> <div class="add-info" data-v-4eb474b4><div class="product-card-info" data-v-4eb474b4><div class="item-info" data-v-4eb474b4><div data-v-4eb474b4></div> <div data-v-4eb474b4>1 Unit</div></div> <div class="price" data-v-4eb474b4><div class="original-price" data-v-4eb474b4>
                                    $197.99
                                </div> <div class="final-price" data-v-4eb474b4>$158.39</div></div></div> <div class="product-card-add" data-v-4eb474b4><div data-test-e2e="add-to-cart-button" class="button-wrapper add-to-cart-button dense-grid-layout" data-v-1956333b data-v-4eb474b4><div data-test-e2e="add-to-cart-no-items" tabindex="0" role="button" class="button-no-items a11y-focus-standard" data-v-1956333b><!----> <div class="no-items-label dense-grid-layout" data-v-1956333b><svg version="1.1" viewBox="0 0 388 339" class="cart-icon svg-icon svg-fill" style="width:17px;height:15px;" data-v-1956333b><path fill="#fff" stroke="none" pid="0" id="Layer" fill-rule="evenodd" d="M128.11 224.12c-2.84 0-5.57 1.13-7.58 3.14a10.726 10.726 0 00-3.14 7.58c0 2.84 1.13 5.57 3.14 7.58 2.01 2.01 4.74 3.14 7.58 3.14h196.36c2.84 0 5.57 1.13 7.58 3.14 2.01 2.01 3.14 4.74 3.14 7.58s-1.13 5.57-3.14 7.58a10.726 10.726 0 01-7.58 3.14H128.11c-7.45.11-14.71-2.38-20.53-7.04a32.081 32.081 0 01-11.36-18.5 32.04 32.04 0 013-21.49c3.46-6.6 9.12-11.79 15.99-14.68-2.05-9.14-37.73-168.1-39.1-174.22H19.8c-2.84 0-5.57-1.13-7.58-3.14a10.726 10.726 0 01-3.14-7.58c0-2.84 1.13-5.57 3.14-7.58 2.01-2.01 4.74-3.14 7.58-3.14h65c1.22-.01 2.42.19 3.57.59 1.15.4 2.23.99 3.18 1.74.96.76 1.77 1.67 2.42 2.7.65 1.02 1.13 2.15 1.4 3.34l7.74 34.52h264.67a10.708 10.708 0 014.82 1.12c.75.37 1.46.83 2.1 1.36.64.53 1.22 1.13 1.73 1.79.5.66.93 1.37 1.26 2.13.34.75.59 1.55.74 2.36a10.555 10.555 0 01-.24 4.91l-43.31 150.13c-.33 1.12-.83 2.17-1.5 3.13-.66.95-1.48 1.8-2.41 2.49-.93.7-1.97 1.24-3.08 1.6-1.1.37-2.26.55-3.42.55H128.08l.03.03zm8.69-22.48h179.5L353.43 73H107.92l28.88 128.64z" fill="#000"/><path fill="#fff" stroke="none" pid="1" id="Layer" fill-rule="evenodd" d="M178.07 298.32c0 17.74-14.21 32.17-31.68 32.17s-31.68-14.43-31.68-32.17c0-17.74 14.21-32.17 31.68-32.17s31.68 14.43 31.68 32.17zm-27.98 9.94c1.18-.48 2.25-1.2 3.14-2.1.9-.89 1.62-1.96 2.1-3.14.49-1.17.74-2.43.74-3.7 0-3.92-2.36-7.44-5.98-8.94a9.66 9.66 0 00-10.54 2.1 9.66 9.66 0 00-2.1 10.54 9.672 9.672 0 008.94 5.98c1.27 0 2.53-.25 3.7-.74zM304.69 267c17.47 0 31.67 14.4 31.67 32.14 0 17.74-14.21 32.17-31.68 32.17S273 316.88 273 299.14c0-17.73 14.22-32.14 31.69-32.14zm-.3 22.71a9.7 9.7 0 00-3.68.73 9.534 9.534 0 00-3.12 2.08c-.9.89-1.6 1.95-2.09 3.12a9.7 9.7 0 00-.73 3.68 9.61 9.61 0 005.93 8.88c3.59 1.49 7.73.66 10.48-2.08a9.632 9.632 0 002.08-10.48 9.61 9.61 0 00-8.88-5.93h.01z" fill="#000"/></svg> <span class="cart-icon-text" data-v-1956333b>Add to cart</span></div></div></div></div></div></div></div></div> <div class="product-card-back" data-v-4eb474b4><div class="wishlist-drop-down-wrapper" style="display:none;" data-v-f16d327c data-v-4eb474b4><div class="wishlist-drop-down-banner" data-v-344dcb9e data-v-f16d327c>
    Choose a wishlist
    <svg version="1.1" viewBox="0 0 16 21" class="icon svg-icon svg-fill" style="width:16px;height:21px;" data-v-344dcb9e><path fill="white" stroke="none" pid="0" d="M7.683 8.068a.658.658 0 00-.929-.001l-2.16 2.161-.848-.849a.657.657 0 00-.928.928L4.13 11.62a.66.66 0 00.928.001l2.625-2.625a.657.657 0 000-.928zm0 5.25a.658.658 0 00-.929-.001l-2.16 2.161-.848-.848a.657.657 0 00-.928.928l1.312 1.313a.654.654 0 00.928 0l2.625-2.625a.657.657 0 000-.928zm4.786-4.13H9.844a.656.656 0 000 1.312h2.625a.656.656 0 000-1.313zm0 5.25H9.844a.656.656 0 000 1.312h2.625a.656.656 0 000-1.313z"/><path fill="white" stroke="none" pid="1" d="M14.438 2.625h-2.626v-.656a.656.656 0 00-.656-.657H9.732A1.974 1.974 0 007.875 0C7.019 0 6.29.549 6.018 1.313H4.594a.656.656 0 00-.657.656v.656H1.313C.589 2.625 0 3.215 0 3.938v15.75C0 20.41.59 21 1.313 21h13.124c.724 0 1.313-.59 1.313-1.313V3.938c0-.723-.59-1.312-1.313-1.312zm-9.188 0h1.313a.656.656 0 00.656-.656.656.656 0 011.312 0c0 .362.294.656.656.656H10.5v1.313H5.25V2.625zm9.188 17.063H1.312V3.938h2.625v.656c0 .362.294.656.657.656h6.562a.656.656 0 00.656-.656v-.657h2.626v15.75z"/></svg> <div class="closing-icon" style="display:none;" data-v-344dcb9e><svg version="1.1" viewBox="0 0 18 18" class="remove-icon svg-icon svg-fill" style="width:10px;height:10px;" data-v-344dcb9e><path fill="#fff" stroke="none" pid="0" fill="#333" d="M17.755 1.814A.699.699 0 0018 1.273a.738.738 0 00-.245-.554.803.803 0 00-.573-.219.855.855 0 00-.587.219L9 7.905 1.39.719A.797.797 0 00.818.5a.855.855 0 00-.586.219.758.758 0 00-.232.554c0 .213.077.394.232.54L7.841 9l-7.61 7.173a.761.761 0 00-.231.554c0 .214.077.394.232.541.165.155.36.232.586.232a.78.78 0 00.573-.232L9 10.095l7.595 7.173c.165.155.36.232.587.232a.781.781 0 00.573-.232.697.697 0 00.245-.54c0-.215-.081-.4-.245-.555L10.159 9l7.596-7.186z" fill-rule="evenodd"/></svg></div></div> <div class="wishlist-item-wrapper" data-v-b9033f4a data-v-f16d327c><div class="scroll" data-v-b9033f4a><div data-v-9444bd58 data-v-b9033f4a></div> <!----></div> <div class="wishlist-dropdown-link" data-v-b9033f4a><div data-v-697dda27 data-v-b9033f4a><div class="wishlist-link" data-v-697dda27><a data-v-697dda27>Create new wishlist</a></div> <div class="wishlist-link" data-v-697dda27><a data-v-697dda27>Manage wishlists</a></div></div></div></div></div></div></div></div></div><div class="swiper-slide cms-product-cards-carousel-slide" data-v-6dc1bbe5><div class="product-card-container" data-v-4eb474b4 data-v-6dc1bbe5><div class="product-card-wrapper" data-v-4eb474b4><div class="product-card" data-v-4eb474b4><div data-v-4eb474b4><div class="wishlist-wrapper" data-v-2ece9c9d><div class="wishlist-banner" style="display:none;" data-v-2ece9c9d><span data-v-2ece9c9d>
            
        </span> <!----></div> <div class="wishlist-icon dense-grid-layout" style="display:none;" data-v-2ece9c9d><span style="display:none;" data-v-2ece9c9d>Add to wishlist</span> <svg version="1.1" viewBox="0 0 16 21" class="icon svg-icon svg-fill" style="width:16px;height:21px;" data-v-2ece9c9d><path fill="#737373" stroke="none" pid="0" d="M7.683 8.068a.658.658 0 00-.929-.001l-2.16 2.161-.848-.849a.657.657 0 00-.928.928L4.13 11.62a.66.66 0 00.928.001l2.625-2.625a.657.657 0 000-.928zm0 5.25a.658.658 0 00-.929-.001l-2.16 2.161-.848-.848a.657.657 0 00-.928.928l1.312 1.313a.654.654 0 00.928 0l2.625-2.625a.657.657 0 000-.928zm4.786-4.13H9.844a.656.656 0 000 1.312h2.625a.656.656 0 000-1.313zm0 5.25H9.844a.656.656 0 000 1.312h2.625a.656.656 0 000-1.313z"/><path fill="#737373" stroke="none" pid="1" d="M14.438 2.625h-2.626v-.656a.656.656 0 00-.656-.657H9.732A1.974 1.974 0 007.875 0C7.019 0 6.29.549 6.018 1.313H4.594a.656.656 0 00-.657.656v.656H1.313C.589 2.625 0 3.215 0 3.938v15.75C0 20.41.59 21 1.313 21h13.124c.724 0 1.313-.59 1.313-1.313V3.938c0-.723-.59-1.312-1.313-1.312zm-9.188 0h1.313a.656.656 0 00.656-.656.656.656 0 011.312 0c0 .362.294.656.656.656H10.5v1.313H5.25V2.625zm9.188 17.063H1.312V3.938h2.625v.656c0 .362.294.656.657.656h6.562a.656.656 0 00.656-.656v-.657h2.626v15.75z"/></svg></div></div> <!----></div> <div class="product-card-event-label-wrapper" data-v-4eb474b4><!----></div> <div class="product-card-content" data-v-4eb474b4><a href="/us_en/eataly-italian-dinner-for-two" class="product-link" data-v-4eb474b4><div class="product-card-image-name-manufacturer" data-v-4eb474b4><div class="product-card-image" data-v-4eb474b4><img width="200" height="200" alt="Italian Dinner for Two Gift Box" src="https://www.eataly.com/media/catalog/product/a/d/adobe_express_-_file_48_.png" loading="lazy" class="product-image" data-v-4eb474b4> <div class="product-badge product-badge product-badge--discount" data-v-608c9b3f data-v-4eb474b4><span data-v-608c9b3f>Offer -20%</span></div></div> <div class="name-manufacturer" data-v-4eb474b4><div data-test-e2e="product-card-product-name" class="product-card-name" data-v-4eb474b4><span data-v-4eb474b4>
                                    Italian Dinner for Two Gift Box
                                </span></div> <div class="product-card-manufacturer" data-v-4eb474b4><!----> <span data-v-4eb474b4>
                                    Eataly
                                </span></div> <!----></div></div></a> <div class="product-card-price-add-info" data-v-4eb474b4><!----> <div class="add-info" data-v-4eb474b4><div class="product-card-info" data-v-4eb474b4><div class="item-info" data-v-4eb474b4><div data-v-4eb474b4></div> <div data-v-4eb474b4>1 Unit</div></div> <div class="price" data-v-4eb474b4><div class="original-price" data-v-4eb474b4>
                                    $131.99
                                </div> <div class="final-price" data-v-4eb474b4>$105.59</div></div></div> <div class="product-card-add" data-v-4eb474b4><div data-test-e2e="add-to-cart-button" class="button-wrapper add-to-cart-button dense-grid-layout" data-v-1956333b data-v-4eb474b4><div data-test-e2e="add-to-cart-no-items" tabindex="0" role="button" class="button-no-items a11y-focus-standard" data-v-1956333b><!----> <div class="no-items-label dense-grid-layout" data-v-1956333b><svg version="1.1" viewBox="0 0 388 339" class="cart-icon svg-icon svg-fill" style="width:17px;height:15px;" data-v-1956333b><path fill="#fff" stroke="none" pid="0" id="Layer" fill-rule="evenodd" d="M128.11 224.12c-2.84 0-5.57 1.13-7.58 3.14a10.726 10.726 0 00-3.14 7.58c0 2.84 1.13 5.57 3.14 7.58 2.01 2.01 4.74 3.14 7.58 3.14h196.36c2.84 0 5.57 1.13 7.58 3.14 2.01 2.01 3.14 4.74 3.14 7.58s-1.13 5.57-3.14 7.58a10.726 10.726 0 01-7.58 3.14H128.11c-7.45.11-14.71-2.38-20.53-7.04a32.081 32.081 0 01-11.36-18.5 32.04 32.04 0 013-21.49c3.46-6.6 9.12-11.79 15.99-14.68-2.05-9.14-37.73-168.1-39.1-174.22H19.8c-2.84 0-5.57-1.13-7.58-3.14a10.726 10.726 0 01-3.14-7.58c0-2.84 1.13-5.57 3.14-7.58 2.01-2.01 4.74-3.14 7.58-3.14h65c1.22-.01 2.42.19 3.57.59 1.15.4 2.23.99 3.18 1.74.96.76 1.77 1.67 2.42 2.7.65 1.02 1.13 2.15 1.4 3.34l7.74 34.52h264.67a10.708 10.708 0 014.82 1.12c.75.37 1.46.83 2.1 1.36.64.53 1.22 1.13 1.73 1.79.5.66.93 1.37 1.26 2.13.34.75.59 1.55.74 2.36a10.555 10.555 0 01-.24 4.91l-43.31 150.13c-.33 1.12-.83 2.17-1.5 3.13-.66.95-1.48 1.8-2.41 2.49-.93.7-1.97 1.24-3.08 1.6-1.1.37-2.26.55-3.42.55H128.08l.03.03zm8.69-22.48h179.5L353.43 73H107.92l28.88 128.64z" fill="#000"/><path fill="#fff" stroke="none" pid="1" id="Layer" fill-rule="evenodd" d="M178.07 298.32c0 17.74-14.21 32.17-31.68 32.17s-31.68-14.43-31.68-32.17c0-17.74 14.21-32.17 31.68-32.17s31.68 14.43 31.68 32.17zm-27.98 9.94c1.18-.48 2.25-1.2 3.14-2.1.9-.89 1.62-1.96 2.1-3.14.49-1.17.74-2.43.74-3.7 0-3.92-2.36-7.44-5.98-8.94a9.66 9.66 0 00-10.54 2.1 9.66 9.66 0 00-2.1 10.54 9.672 9.672 0 008.94 5.98c1.27 0 2.53-.25 3.7-.74zM304.69 267c17.47 0 31.67 14.4 31.67 32.14 0 17.74-14.21 32.17-31.68 32.17S273 316.88 273 299.14c0-17.73 14.22-32.14 31.69-32.14zm-.3 22.71a9.7 9.7 0 00-3.68.73 9.534 9.534 0 00-3.12 2.08c-.9.89-1.6 1.95-2.09 3.12a9.7 9.7 0 00-.73 3.68 9.61 9.61 0 005.93 8.88c3.59 1.49 7.73.66 10.48-2.08a9.632 9.632 0 002.08-10.48 9.61 9.61 0 00-8.88-5.93h.01z" fill="#000"/></svg> <span class="cart-icon-text" data-v-1956333b>Add to cart</span></div></div></div></div></div></div></div></div> <div class="product-card-back" data-v-4eb474b4><div class="wishlist-drop-down-wrapper" style="display:none;" data-v-f16d327c data-v-4eb474b4><div class="wishlist-drop-down-banner" data-v-344dcb9e data-v-f16d327c>
    Choose a wishlist
    <svg version="1.1" viewBox="0 0 16 21" class="icon svg-icon svg-fill" style="width:16px;height:21px;" data-v-344dcb9e><path fill="white" stroke="none" pid="0" d="M7.683 8.068a.658.658 0 00-.929-.001l-2.16 2.161-.848-.849a.657.657 0 00-.928.928L4.13 11.62a.66.66 0 00.928.001l2.625-2.625a.657.657 0 000-.928zm0 5.25a.658.658 0 00-.929-.001l-2.16 2.161-.848-.848a.657.657 0 00-.928.928l1.312 1.313a.654.654 0 00.928 0l2.625-2.625a.657.657 0 000-.928zm4.786-4.13H9.844a.656.656 0 000 1.312h2.625a.656.656 0 000-1.313zm0 5.25H9.844a.656.656 0 000 1.312h2.625a.656.656 0 000-1.313z"/><path fill="white" stroke="none" pid="1" d="M14.438 2.625h-2.626v-.656a.656.656 0 00-.656-.657H9.732A1.974 1.974 0 007.875 0C7.019 0 6.29.549 6.018 1.313H4.594a.656.656 0 00-.657.656v.656H1.313C.589 2.625 0 3.215 0 3.938v15.75C0 20.41.59 21 1.313 21h13.124c.724 0 1.313-.59 1.313-1.313V3.938c0-.723-.59-1.312-1.313-1.312zm-9.188 0h1.313a.656.656 0 00.656-.656.656.656 0 011.312 0c0 .362.294.656.656.656H10.5v1.313H5.25V2.625zm9.188 17.063H1.312V3.938h2.625v.656c0 .362.294.656.657.656h6.562a.656.656 0 00.656-.656v-.657h2.626v15.75z"/></svg> <div class="closing-icon" style="display:none;" data-v-344dcb9e><svg version="1.1" viewBox="0 0 18 18" class="remove-icon svg-icon svg-fill" style="width:10px;height:10px;" data-v-344dcb9e><path fill="#fff" stroke="none" pid="0" fill="#333" d="M17.755 1.814A.699.699 0 0018 1.273a.738.738 0 00-.245-.554.803.803 0 00-.573-.219.855.855 0 00-.587.219L9 7.905 1.39.719A.797.797 0 00.818.5a.855.855 0 00-.586.219.758.758 0 00-.232.554c0 .213.077.394.232.54L7.841 9l-7.61 7.173a.761.761 0 00-.231.554c0 .214.077.394.232.541.165.155.36.232.586.232a.78.78 0 00.573-.232L9 10.095l7.595 7.173c.165.155.36.232.587.232a.781.781 0 00.573-.232.697.697 0 00.245-.54c0-.215-.081-.4-.245-.555L10.159 9l7.596-7.186z" fill-rule="evenodd"/></svg></div></div> <div class="wishlist-item-wrapper" data-v-b9033f4a data-v-f16d327c><div class="scroll" data-v-b9033f4a><div data-v-9444bd58 data-v-b9033f4a></div> <!----></div> <div class="wishlist-dropdown-link" data-v-b9033f4a><div data-v-697dda27 data-v-b9033f4a><div class="wishlist-link" data-v-697dda27><a data-v-697dda27>Create new wishlist</a></div> <div class="wishlist-link" data-v-697dda27><a data-v-697dda27>Manage wishlists</a></div></div></div></div></div></div></div></div></div><div class="swiper-slide cms-product-cards-carousel-slide" data-v-6dc1bbe5><div class="product-card-container" data-v-4eb474b4 data-v-6dc1bbe5><div class="product-card-wrapper" data-v-4eb474b4><div class="product-card" data-v-4eb474b4><div data-v-4eb474b4><div class="wishlist-wrapper" data-v-2ece9c9d><div class="wishlist-banner" style="display:none;" data-v-2ece9c9d><span data-v-2ece9c9d>
            
        </span> <!----></div> <div class="wishlist-icon dense-grid-layout" style="display:none;" data-v-2ece9c9d><span style="display:none;" data-v-2ece9c9d>Add to wishlist</span> <svg version="1.1" viewBox="0 0 16 21" class="icon svg-icon svg-fill" style="width:16px;height:21px;" data-v-2ece9c9d><path fill="#737373" stroke="none" pid="0" d="M7.683 8.068a.658.658 0 00-.929-.001l-2.16 2.161-.848-.849a.657.657 0 00-.928.928L4.13 11.62a.66.66 0 00.928.001l2.625-2.625a.657.657 0 000-.928zm0 5.25a.658.658 0 00-.929-.001l-2.16 2.161-.848-.848a.657.657 0 00-.928.928l1.312 1.313a.654.654 0 00.928 0l2.625-2.625a.657.657 0 000-.928zm4.786-4.13H9.844a.656.656 0 000 1.312h2.625a.656.656 0 000-1.313zm0 5.25H9.844a.656.656 0 000 1.312h2.625a.656.656 0 000-1.313z"/><path fill="#737373" stroke="none" pid="1" d="M14.438 2.625h-2.626v-.656a.656.656 0 00-.656-.657H9.732A1.974 1.974 0 007.875 0C7.019 0 6.29.549 6.018 1.313H4.594a.656.656 0 00-.657.656v.656H1.313C.589 2.625 0 3.215 0 3.938v15.75C0 20.41.59 21 1.313 21h13.124c.724 0 1.313-.59 1.313-1.313V3.938c0-.723-.59-1.312-1.313-1.312zm-9.188 0h1.313a.656.656 0 00.656-.656.656.656 0 011.312 0c0 .362.294.656.656.656H10.5v1.313H5.25V2.625zm9.188 17.063H1.312V3.938h2.625v.656c0 .362.294.656.657.656h6.562a.656.656 0 00.656-.656v-.657h2.626v15.75z"/></svg></div></div> <!----></div> <div class="product-card-event-label-wrapper" data-v-4eb474b4><!----></div> <div class="product-card-content" data-v-4eb474b4><a href="/us_en/eataly-benvenuto-in-italia-holiday2025" class="product-link" data-v-4eb474b4><div class="product-card-image-name-manufacturer" data-v-4eb474b4><div class="product-card-image" data-v-4eb474b4><img width="200" height="200" alt="Benvenuto in Italia Gift Box" src="https://www.eataly.com/media/catalog/product/a/d/adobe_express_-_file_35__1.png" loading="lazy" class="product-image" data-v-4eb474b4> <div class="product-badge product-badge product-badge--discount" data-v-608c9b3f data-v-4eb474b4><span data-v-608c9b3f>Offer -20%</span></div></div> <div class="name-manufacturer" data-v-4eb474b4><div data-test-e2e="product-card-product-name" class="product-card-name" data-v-4eb474b4><span data-v-4eb474b4>
                                    Benvenuto in Italia Gift Box
                                </span></div> <div class="product-card-manufacturer" data-v-4eb474b4><!----> <span data-v-4eb474b4>
                                    Eataly
                                </span></div> <!----></div></div></a> <div class="product-card-price-add-info" data-v-4eb474b4><!----> <div class="add-info" data-v-4eb474b4><div class="product-card-info" data-v-4eb474b4><div class="item-info" data-v-4eb474b4><div data-v-4eb474b4></div> <div data-v-4eb474b4>1 Unit</div></div> <div class="price" data-v-4eb474b4><div class="original-price" data-v-4eb474b4>
                                    $274.99
                                </div> <div class="final-price" data-v-4eb474b4>$219.99</div></div></div> <div class="product-card-add" data-v-4eb474b4><div data-test-e2e="add-to-cart-button" class="button-wrapper add-to-cart-button dense-grid-layout" data-v-1956333b data-v-4eb474b4><div data-test-e2e="add-to-cart-no-items" tabindex="0" role="button" class="button-no-items a11y-focus-standard" data-v-1956333b><!----> <div class="no-items-label dense-grid-layout" data-v-1956333b><svg version="1.1" viewBox="0 0 388 339" class="cart-icon svg-icon svg-fill" style="width:17px;height:15px;" data-v-1956333b><path fill="#fff" stroke="none" pid="0" id="Layer" fill-rule="evenodd" d="M128.11 224.12c-2.84 0-5.57 1.13-7.58 3.14a10.726 10.726 0 00-3.14 7.58c0 2.84 1.13 5.57 3.14 7.58 2.01 2.01 4.74 3.14 7.58 3.14h196.36c2.84 0 5.57 1.13 7.58 3.14 2.01 2.01 3.14 4.74 3.14 7.58s-1.13 5.57-3.14 7.58a10.726 10.726 0 01-7.58 3.14H128.11c-7.45.11-14.71-2.38-20.53-7.04a32.081 32.081 0 01-11.36-18.5 32.04 32.04 0 013-21.49c3.46-6.6 9.12-11.79 15.99-14.68-2.05-9.14-37.73-168.1-39.1-174.22H19.8c-2.84 0-5.57-1.13-7.58-3.14a10.726 10.726 0 01-3.14-7.58c0-2.84 1.13-5.57 3.14-7.58 2.01-2.01 4.74-3.14 7.58-3.14h65c1.22-.01 2.42.19 3.57.59 1.15.4 2.23.99 3.18 1.74.96.76 1.77 1.67 2.42 2.7.65 1.02 1.13 2.15 1.4 3.34l7.74 34.52h264.67a10.708 10.708 0 014.82 1.12c.75.37 1.46.83 2.1 1.36.64.53 1.22 1.13 1.73 1.79.5.66.93 1.37 1.26 2.13.34.75.59 1.55.74 2.36a10.555 10.555 0 01-.24 4.91l-43.31 150.13c-.33 1.12-.83 2.17-1.5 3.13-.66.95-1.48 1.8-2.41 2.49-.93.7-1.97 1.24-3.08 1.6-1.1.37-2.26.55-3.42.55H128.08l.03.03zm8.69-22.48h179.5L353.43 73H107.92l28.88 128.64z" fill="#000"/><path fill="#fff" stroke="none" pid="1" id="Layer" fill-rule="evenodd" d="M178.07 298.32c0 17.74-14.21 32.17-31.68 32.17s-31.68-14.43-31.68-32.17c0-17.74 14.21-32.17 31.68-32.17s31.68 14.43 31.68 32.17zm-27.98 9.94c1.18-.48 2.25-1.2 3.14-2.1.9-.89 1.62-1.96 2.1-3.14.49-1.17.74-2.43.74-3.7 0-3.92-2.36-7.44-5.98-8.94a9.66 9.66 0 00-10.54 2.1 9.66 9.66 0 00-2.1 10.54 9.672 9.672 0 008.94 5.98c1.27 0 2.53-.25 3.7-.74zM304.69 267c17.47 0 31.67 14.4 31.67 32.14 0 17.74-14.21 32.17-31.68 32.17S273 316.88 273 299.14c0-17.73 14.22-32.14 31.69-32.14zm-.3 22.71a9.7 9.7 0 00-3.68.73 9.534 9.534 0 00-3.12 2.08c-.9.89-1.6 1.95-2.09 3.12a9.7 9.7 0 00-.73 3.68 9.61 9.61 0 005.93 8.88c3.59 1.49 7.73.66 10.48-2.08a9.632 9.632 0 002.08-10.48 9.61 9.61 0 00-8.88-5.93h.01z" fill="#000"/></svg> <span class="cart-icon-text" data-v-1956333b>Add to cart</span></div></div></div></div></div></div></div></div> <div class="product-card-back" data-v-4eb474b4><div class="wishlist-drop-down-wrapper" style="display:none;" data-v-f16d327c data-v-4eb474b4><div class="wishlist-drop-down-banner" data-v-344dcb9e data-v-f16d327c>
    Choose a wishlist
    <svg version="1.1" viewBox="0 0 16 21" class="icon svg-icon svg-fill" style="width:16px;height:21px;" data-v-344dcb9e><path fill="white" stroke="none" pid="0" d="M7.683 8.068a.658.658 0 00-.929-.001l-2.16 2.161-.848-.849a.657.657 0 00-.928.928L4.13 11.62a.66.66 0 00.928.001l2.625-2.625a.657.657 0 000-.928zm0 5.25a.658.658 0 00-.929-.001l-2.16 2.161-.848-.848a.657.657 0 00-.928.928l1.312 1.313a.654.654 0 00.928 0l2.625-2.625a.657.657 0 000-.928zm4.786-4.13H9.844a.656.656 0 000 1.312h2.625a.656.656 0 000-1.313zm0 5.25H9.844a.656.656 0 000 1.312h2.625a.656.656 0 000-1.313z"/><path fill="white" stroke="none" pid="1" d="M14.438 2.625h-2.626v-.656a.656.656 0 00-.656-.657H9.732A1.974 1.974 0 007.875 0C7.019 0 6.29.549 6.018 1.313H4.594a.656.656 0 00-.657.656v.656H1.313C.589 2.625 0 3.215 0 3.938v15.75C0 20.41.59 21 1.313 21h13.124c.724 0 1.313-.59 1.313-1.313V3.938c0-.723-.59-1.312-1.313-1.312zm-9.188 0h1.313a.656.656 0 00.656-.656.656.656 0 011.312 0c0 .362.294.656.656.656H10.5v1.313H5.25V2.625zm9.188 17.063H1.312V3.938h2.625v.656c0 .362.294.656.657.656h6.562a.656.656 0 00.656-.656v-.657h2.626v15.75z"/></svg> <div class="closing-icon" style="display:none;" data-v-344dcb9e><svg version="1.1" viewBox="0 0 18 18" class="remove-icon svg-icon svg-fill" style="width:10px;height:10px;" data-v-344dcb9e><path fill="#fff" stroke="none" pid="0" fill="#333" d="M17.755 1.814A.699.699 0 0018 1.273a.738.738 0 00-.245-.554.803.803 0 00-.573-.219.855.855 0 00-.587.219L9 7.905 1.39.719A.797.797 0 00.818.5a.855.855 0 00-.586.219.758.758 0 00-.232.554c0 .213.077.394.232.54L7.841 9l-7.61 7.173a.761.761 0 00-.231.554c0 .214.077.394.232.541.165.155.36.232.586.232a.78.78 0 00.573-.232L9 10.095l7.595 7.173c.165.155.36.232.587.232a.781.781 0 00.573-.232.697.697 0 00.245-.54c0-.215-.081-.4-.245-.555L10.159 9l7.596-7.186z" fill-rule="evenodd"/></svg></div></div> <div class="wishlist-item-wrapper" data-v-b9033f4a data-v-f16d327c><div class="scroll" data-v-b9033f4a><div data-v-9444bd58 data-v-b9033f4a></div> <!----></div> <div class="wishlist-dropdown-link" data-v-b9033f4a><div data-v-697dda27 data-v-b9033f4a><div class="wishlist-link" data-v-697dda27><a data-v-697dda27>Create new wishlist</a></div> <div class="wishlist-link" data-v-697dda27><a data-v-697dda27>Manage wishlists</a></div></div></div></div></div></div></div></div></div><div class="swiper-slide cms-product-cards-carousel-slide" data-v-6dc1bbe5><div class="product-card-container" data-v-4eb474b4 data-v-6dc1bbe5><div class="product-card-wrapper" data-v-4eb474b4><div class="product-card" data-v-4eb474b4><div data-v-4eb474b4><div class="wishlist-wrapper" data-v-2ece9c9d><div class="wishlist-banner" style="display:none;" data-v-2ece9c9d><span data-v-2ece9c9d>
            
        </span> <!----></div> <div class="wishlist-icon dense-grid-layout" style="display:none;" data-v-2ece9c9d><span style="display:none;" data-v-2ece9c9d>Add to wishlist</span> <svg version="1.1" viewBox="0 0 16 21" class="icon svg-icon svg-fill" style="width:16px;height:21px;" data-v-2ece9c9d><path fill="#737373" stroke="none" pid="0" d="M7.683 8.068a.658.658 0 00-.929-.001l-2.16 2.161-.848-.849a.657.657 0 00-.928.928L4.13 11.62a.66.66 0 00.928.001l2.625-2.625a.657.657 0 000-.928zm0 5.25a.658.658 0 00-.929-.001l-2.16 2.161-.848-.848a.657.657 0 00-.928.928l1.312 1.313a.654.654 0 00.928 0l2.625-2.625a.657.657 0 000-.928zm4.786-4.13H9.844a.656.656 0 000 1.312h2.625a.656.656 0 000-1.313zm0 5.25H9.844a.656.656 0 000 1.312h2.625a.656.656 0 000-1.313z"/><path fill="#737373" stroke="none" pid="1" d="M14.438 2.625h-2.626v-.656a.656.656 0 00-.656-.657H9.732A1.974 1.974 0 007.875 0C7.019 0 6.29.549 6.018 1.313H4.594a.656.656 0 00-.657.656v.656H1.313C.589 2.625 0 3.215 0 3.938v15.75C0 20.41.59 21 1.313 21h13.124c.724 0 1.313-.59 1.313-1.313V3.938c0-.723-.59-1.312-1.313-1.312zm-9.188 0h1.313a.656.656 0 00.656-.656.656.656 0 011.312 0c0 .362.294.656.656.656H10.5v1.313H5.25V2.625zm9.188 17.063H1.312V3.938h2.625v.656c0 .362.294.656.657.656h6.562a.656.656 0 00.656-.656v-.657h2.626v15.75z"/></svg></div></div> <!----></div> <div class="product-card-event-label-wrapper" data-v-4eb474b4><!----></div> <div class="product-card-content" data-v-4eb474b4><a href="/us_en/eataly-self-care-allitaliana-holiday-2025" class="product-link" data-v-4eb474b4><div class="product-card-image-name-manufacturer" data-v-4eb474b4><div class="product-card-image" data-v-4eb474b4><img width="200" height="200" alt="Self-Care all'Italiana Gift Box" src="https://www.eataly.com/media/catalog/product/a/d/adobe_express_-_file_52_.png" loading="lazy" class="product-image" data-v-4eb474b4> <div class="product-badge product-badge product-badge--discount" data-v-608c9b3f data-v-4eb474b4><span data-v-608c9b3f>Offer -20%</span></div></div> <div class="name-manufacturer" data-v-4eb474b4><div data-test-e2e="product-card-product-name" class="product-card-name" data-v-4eb474b4><span data-v-4eb474b4>
                                    Self-Care all'Italiana Gift Box
                                </span></div> <div class="product-card-manufacturer" data-v-4eb474b4><!----> <span data-v-4eb474b4>
                                    Eataly
                                </span></div> <!----></div></div></a> <div class="product-card-price-add-info" data-v-4eb474b4><!----> <div class="add-info" data-v-4eb474b4><div class="product-card-info" data-v-4eb474b4><div class="item-info" data-v-4eb474b4><div data-v-4eb474b4></div> <div data-v-4eb474b4>1 Unit</div></div> <div class="price" data-v-4eb474b4><div class="original-price" data-v-4eb474b4>
                                    $175.99
                                </div> <div class="final-price" data-v-4eb474b4>$140.79</div></div></div> <div class="product-card-add" data-v-4eb474b4><div data-test-e2e="add-to-cart-button" class="button-wrapper add-to-cart-button dense-grid-layout" data-v-1956333b data-v-4eb474b4><div data-test-e2e="add-to-cart-no-items" tabindex="0" role="button" class="button-no-items a11y-focus-standard" data-v-1956333b><!----> <div class="no-items-label dense-grid-layout" data-v-1956333b><svg version="1.1" viewBox="0 0 388 339" class="cart-icon svg-icon svg-fill" style="width:17px;height:15px;" data-v-1956333b><path fill="#fff" stroke="none" pid="0" id="Layer" fill-rule="evenodd" d="M128.11 224.12c-2.84 0-5.57 1.13-7.58 3.14a10.726 10.726 0 00-3.14 7.58c0 2.84 1.13 5.57 3.14 7.58 2.01 2.01 4.74 3.14 7.58 3.14h196.36c2.84 0 5.57 1.13 7.58 3.14 2.01 2.01 3.14 4.74 3.14 7.58s-1.13 5.57-3.14 7.58a10.726 10.726 0 01-7.58 3.14H128.11c-7.45.11-14.71-2.38-20.53-7.04a32.081 32.081 0 01-11.36-18.5 32.04 32.04 0 013-21.49c3.46-6.6 9.12-11.79 15.99-14.68-2.05-9.14-37.73-168.1-39.1-174.22H19.8c-2.84 0-5.57-1.13-7.58-3.14a10.726 10.726 0 01-3.14-7.58c0-2.84 1.13-5.57 3.14-7.58 2.01-2.01 4.74-3.14 7.58-3.14h65c1.22-.01 2.42.19 3.57.59 1.15.4 2.23.99 3.18 1.74.96.76 1.77 1.67 2.42 2.7.65 1.02 1.13 2.15 1.4 3.34l7.74 34.52h264.67a10.708 10.708 0 014.82 1.12c.75.37 1.46.83 2.1 1.36.64.53 1.22 1.13 1.73 1.79.5.66.93 1.37 1.26 2.13.34.75.59 1.55.74 2.36a10.555 10.555 0 01-.24 4.91l-43.31 150.13c-.33 1.12-.83 2.17-1.5 3.13-.66.95-1.48 1.8-2.41 2.49-.93.7-1.97 1.24-3.08 1.6-1.1.37-2.26.55-3.42.55H128.08l.03.03zm8.69-22.48h179.5L353.43 73H107.92l28.88 128.64z" fill="#000"/><path fill="#fff" stroke="none" pid="1" id="Layer" fill-rule="evenodd" d="M178.07 298.32c0 17.74-14.21 32.17-31.68 32.17s-31.68-14.43-31.68-32.17c0-17.74 14.21-32.17 31.68-32.17s31.68 14.43 31.68 32.17zm-27.98 9.94c1.18-.48 2.25-1.2 3.14-2.1.9-.89 1.62-1.96 2.1-3.14.49-1.17.74-2.43.74-3.7 0-3.92-2.36-7.44-5.98-8.94a9.66 9.66 0 00-10.54 2.1 9.66 9.66 0 00-2.1 10.54 9.672 9.672 0 008.94 5.98c1.27 0 2.53-.25 3.7-.74zM304.69 267c17.47 0 31.67 14.4 31.67 32.14 0 17.74-14.21 32.17-31.68 32.17S273 316.88 273 299.14c0-17.73 14.22-32.14 31.69-32.14zm-.3 22.71a9.7 9.7 0 00-3.68.73 9.534 9.534 0 00-3.12 2.08c-.9.89-1.6 1.95-2.09 3.12a9.7 9.7 0 00-.73 3.68 9.61 9.61 0 005.93 8.88c3.59 1.49 7.73.66 10.48-2.08a9.632 9.632 0 002.08-10.48 9.61 9.61 0 00-8.88-5.93h.01z" fill="#000"/></svg> <span class="cart-icon-text" data-v-1956333b>Add to cart</span></div></div></div></div></div></div></div></div> <div class="product-card-back" data-v-4eb474b4><div class="wishlist-drop-down-wrapper" style="display:none;" data-v-f16d327c data-v-4eb474b4><div class="wishlist-drop-down-banner" data-v-344dcb9e data-v-f16d327c>
    Choose a wishlist
    <svg version="1.1" viewBox="0 0 16 21" class="icon svg-icon svg-fill" style="width:16px;height:21px;" data-v-344dcb9e><path fill="white" stroke="none" pid="0" d="M7.683 8.068a.658.658 0 00-.929-.001l-2.16 2.161-.848-.849a.657.657 0 00-.928.928L4.13 11.62a.66.66 0 00.928.001l2.625-2.625a.657.657 0 000-.928zm0 5.25a.658.658 0 00-.929-.001l-2.16 2.161-.848-.848a.657.657 0 00-.928.928l1.312 1.313a.654.654 0 00.928 0l2.625-2.625a.657.657 0 000-.928zm4.786-4.13H9.844a.656.656 0 000 1.312h2.625a.656.656 0 000-1.313zm0 5.25H9.844a.656.656 0 000 1.312h2.625a.656.656 0 000-1.313z"/><path fill="white" stroke="none" pid="1" d="M14.438 2.625h-2.626v-.656a.656.656 0 00-.656-.657H9.732A1.974 1.974 0 007.875 0C7.019 0 6.29.549 6.018 1.313H4.594a.656.656 0 00-.657.656v.656H1.313C.589 2.625 0 3.215 0 3.938v15.75C0 20.41.59 21 1.313 21h13.124c.724 0 1.313-.59 1.313-1.313V3.938c0-.723-.59-1.312-1.313-1.312zm-9.188 0h1.313a.656.656 0 00.656-.656.656.656 0 011.312 0c0 .362.294.656.656.656H10.5v1.313H5.25V2.625zm9.188 17.063H1.312V3.938h2.625v.656c0 .362.294.656.657.656h6.562a.656.656 0 00.656-.656v-.657h2.626v15.75z"/></svg> <div class="closing-icon" style="display:none;" data-v-344dcb9e><svg version="1.1" viewBox="0 0 18 18" class="remove-icon svg-icon svg-fill" style="width:10px;height:10px;" data-v-344dcb9e><path fill="#fff" stroke="none" pid="0" fill="#333" d="M17.755 1.814A.699.699 0 0018 1.273a.738.738 0 00-.245-.554.803.803 0 00-.573-.219.855.855 0 00-.587.219L9 7.905 1.39.719A.797.797 0 00.818.5a.855.855 0 00-.586.219.758.758 0 00-.232.554c0 .213.077.394.232.54L7.841 9l-7.61 7.173a.761.761 0 00-.231.554c0 .214.077.394.232.541.165.155.36.232.586.232a.78.78 0 00.573-.232L9 10.095l7.595 7.173c.165.155.36.232.587.232a.781.781 0 00.573-.232.697.697 0 00.245-.54c0-.215-.081-.4-.245-.555L10.159 9l7.596-7.186z" fill-rule="evenodd"/></svg></div></div> <div class="wishlist-item-wrapper" data-v-b9033f4a data-v-f16d327c><div class="scroll" data-v-b9033f4a><div data-v-9444bd58 data-v-b9033f4a></div> <!----></div> <div class="wishlist-dropdown-link" data-v-b9033f4a><div data-v-697dda27 data-v-b9033f4a><div class="wishlist-link" data-v-697dda27><a data-v-697dda27>Create new wishlist</a></div> <div class="wishlist-link" data-v-697dda27><a data-v-697dda27>Manage wishlists</a></div></div></div></div></div></div></div></div></div><div class="swiper-slide cms-product-cards-carousel-slide" data-v-6dc1bbe5><div class="product-card-container" data-v-4eb474b4 data-v-6dc1bbe5><div class="product-card-wrapper" data-v-4eb474b4><div class="product-card" data-v-4eb474b4><div data-v-4eb474b4><div class="wishlist-wrapper" data-v-2ece9c9d><div class="wishlist-banner" style="display:none;" data-v-2ece9c9d><span data-v-2ece9c9d>
            
        </span> <!----></div> <div class="wishlist-icon dense-grid-layout" style="display:none;" data-v-2ece9c9d><span style="display:none;" data-v-2ece9c9d>Add to wishlist</span> <svg version="1.1" viewBox="0 0 16 21" class="icon svg-icon svg-fill" style="width:16px;height:21px;" data-v-2ece9c9d><path fill="#737373" stroke="none" pid="0" d="M7.683 8.068a.658.658 0 00-.929-.001l-2.16 2.161-.848-.849a.657.657 0 00-.928.928L4.13 11.62a.66.66 0 00.928.001l2.625-2.625a.657.657 0 000-.928zm0 5.25a.658.658 0 00-.929-.001l-2.16 2.161-.848-.848a.657.657 0 00-.928.928l1.312 1.313a.654.654 0 00.928 0l2.625-2.625a.657.657 0 000-.928zm4.786-4.13H9.844a.656.656 0 000 1.312h2.625a.656.656 0 000-1.313zm0 5.25H9.844a.656.656 0 000 1.312h2.625a.656.656 0 000-1.313z"/><path fill="#737373" stroke="none" pid="1" d="M14.438 2.625h-2.626v-.656a.656.656 0 00-.656-.657H9.732A1.974 1.974 0 007.875 0C7.019 0 6.29.549 6.018 1.313H4.594a.656.656 0 00-.657.656v.656H1.313C.589 2.625 0 3.215 0 3.938v15.75C0 20.41.59 21 1.313 21h13.124c.724 0 1.313-.59 1.313-1.313V3.938c0-.723-.59-1.312-1.313-1.312zm-9.188 0h1.313a.656.656 0 00.656-.656.656.656 0 011.312 0c0 .362.294.656.656.656H10.5v1.313H5.25V2.625zm9.188 17.063H1.312V3.938h2.625v.656c0 .362.294.656.657.656h6.562a.656.656 0 00.656-.656v-.657h2.626v15.75z"/></svg></div></div> <!----></div> <div class="product-card-event-label-wrapper" data-v-4eb474b4><div class="event-label tiny text-only" data-v-e009e9de data-v-4eb474b4><!----> <div class="event-label-text" data-v-e009e9de><div class="event-label-text-title" data-v-e009e9de>
            Best Seller
        </div> <!----></div></div></div> <div class="product-card-content" data-v-4eb474b4><a href="/us_en/eataly-dolci-heaven" class="product-link" data-v-4eb474b4><div class="product-card-image-name-manufacturer" data-v-4eb474b4><div class="product-card-image" data-v-4eb474b4><img width="200" height="200" alt="Dolci Heaven Gift Box" src="https://www.eataly.com/media/catalog/product/a/d/adobe_express_-_file_61_.png" loading="lazy" class="product-image" data-v-4eb474b4> <div class="product-badge product-badge product-badge--discount" data-v-608c9b3f data-v-4eb474b4><span data-v-608c9b3f>Offer -20%</span></div></div> <div class="name-manufacturer" data-v-4eb474b4><div data-test-e2e="product-card-product-name" class="product-card-name" data-v-4eb474b4><span data-v-4eb474b4>
                                    Dolci Heaven Gift Box
                                </span></div> <div class="product-card-manufacturer" data-v-4eb474b4><!----> <span data-v-4eb474b4>
                                    Eataly
                                </span></div> <!----></div></div></a> <div class="product-card-price-add-info" data-v-4eb474b4><!----> <div class="add-info" data-v-4eb474b4><div class="product-card-info" data-v-4eb474b4><div class="item-info" data-v-4eb474b4><div data-v-4eb474b4></div> <div data-v-4eb474b4>1 Unit</div></div> <div class="price" data-v-4eb474b4><div class="original-price" data-v-4eb474b4>
                                    $186.99
                                </div> <div class="final-price" data-v-4eb474b4>$149.59</div></div></div> <div class="product-card-add" data-v-4eb474b4><div data-test-e2e="add-to-cart-button" class="button-wrapper add-to-cart-button dense-grid-layout" data-v-1956333b data-v-4eb474b4><div data-test-e2e="add-to-cart-no-items" tabindex="0" role="button" class="button-no-items a11y-focus-standard" data-v-1956333b><!----> <div class="no-items-label dense-grid-layout" data-v-1956333b><svg version="1.1" viewBox="0 0 388 339" class="cart-icon svg-icon svg-fill" style="width:17px;height:15px;" data-v-1956333b><path fill="#fff" stroke="none" pid="0" id="Layer" fill-rule="evenodd" d="M128.11 224.12c-2.84 0-5.57 1.13-7.58 3.14a10.726 10.726 0 00-3.14 7.58c0 2.84 1.13 5.57 3.14 7.58 2.01 2.01 4.74 3.14 7.58 3.14h196.36c2.84 0 5.57 1.13 7.58 3.14 2.01 2.01 3.14 4.74 3.14 7.58s-1.13 5.57-3.14 7.58a10.726 10.726 0 01-7.58 3.14H128.11c-7.45.11-14.71-2.38-20.53-7.04a32.081 32.081 0 01-11.36-18.5 32.04 32.04 0 013-21.49c3.46-6.6 9.12-11.79 15.99-14.68-2.05-9.14-37.73-168.1-39.1-174.22H19.8c-2.84 0-5.57-1.13-7.58-3.14a10.726 10.726 0 01-3.14-7.58c0-2.84 1.13-5.57 3.14-7.58 2.01-2.01 4.74-3.14 7.58-3.14h65c1.22-.01 2.42.19 3.57.59 1.15.4 2.23.99 3.18 1.74.96.76 1.77 1.67 2.42 2.7.65 1.02 1.13 2.15 1.4 3.34l7.74 34.52h264.67a10.708 10.708 0 014.82 1.12c.75.37 1.46.83 2.1 1.36.64.53 1.22 1.13 1.73 1.79.5.66.93 1.37 1.26 2.13.34.75.59 1.55.74 2.36a10.555 10.555 0 01-.24 4.91l-43.31 150.13c-.33 1.12-.83 2.17-1.5 3.13-.66.95-1.48 1.8-2.41 2.49-.93.7-1.97 1.24-3.08 1.6-1.1.37-2.26.55-3.42.55H128.08l.03.03zm8.69-22.48h179.5L353.43 73H107.92l28.88 128.64z" fill="#000"/><path fill="#fff" stroke="none" pid="1" id="Layer" fill-rule="evenodd" d="M178.07 298.32c0 17.74-14.21 32.17-31.68 32.17s-31.68-14.43-31.68-32.17c0-17.74 14.21-32.17 31.68-32.17s31.68 14.43 31.68 32.17zm-27.98 9.94c1.18-.48 2.25-1.2 3.14-2.1.9-.89 1.62-1.96 2.1-3.14.49-1.17.74-2.43.74-3.7 0-3.92-2.36-7.44-5.98-8.94a9.66 9.66 0 00-10.54 2.1 9.66 9.66 0 00-2.1 10.54 9.672 9.672 0 008.94 5.98c1.27 0 2.53-.25 3.7-.74zM304.69 267c17.47 0 31.67 14.4 31.67 32.14 0 17.74-14.21 32.17-31.68 32.17S273 316.88 273 299.14c0-17.73 14.22-32.14 31.69-32.14zm-.3 22.71a9.7 9.7 0 00-3.68.73 9.534 9.534 0 00-3.12 2.08c-.9.89-1.6 1.95-2.09 3.12a9.7 9.7 0 00-.73 3.68 9.61 9.61 0 005.93 8.88c3.59 1.49 7.73.66 10.48-2.08a9.632 9.632 0 002.08-10.48 9.61 9.61 0 00-8.88-5.93h.01z" fill="#000"/></svg> <span class="cart-icon-text" data-v-1956333b>Add to cart</span></div></div></div></div></div></div></div></div> <div class="product-card-back" data-v-4eb474b4><div class="wishlist-drop-down-wrapper" style="display:none;" data-v-f16d327c data-v-4eb474b4><div class="wishlist-drop-down-banner" data-v-344dcb9e data-v-f16d327c>
    Choose a wishlist
    <svg version="1.1" viewBox="0 0 16 21" class="icon svg-icon svg-fill" style="width:16px;height:21px;" data-v-344dcb9e><path fill="white" stroke="none" pid="0" d="M7.683 8.068a.658.658 0 00-.929-.001l-2.16 2.161-.848-.849a.657.657 0 00-.928.928L4.13 11.62a.66.66 0 00.928.001l2.625-2.625a.657.657 0 000-.928zm0 5.25a.658.658 0 00-.929-.001l-2.16 2.161-.848-.848a.657.657 0 00-.928.928l1.312 1.313a.654.654 0 00.928 0l2.625-2.625a.657.657 0 000-.928zm4.786-4.13H9.844a.656.656 0 000 1.312h2.625a.656.656 0 000-1.313zm0 5.25H9.844a.656.656 0 000 1.312h2.625a.656.656 0 000-1.313z"/><path fill="white" stroke="none" pid="1" d="M14.438 2.625h-2.626v-.656a.656.656 0 00-.656-.657H9.732A1.974 1.974 0 007.875 0C7.019 0 6.29.549 6.018 1.313H4.594a.656.656 0 00-.657.656v.656H1.313C.589 2.625 0 3.215 0 3.938v15.75C0 20.41.59 21 1.313 21h13.124c.724 0 1.313-.59 1.313-1.313V3.938c0-.723-.59-1.312-1.313-1.312zm-9.188 0h1.313a.656.656 0 00.656-.656.656.656 0 011.312 0c0 .362.294.656.656.656H10.5v1.313H5.25V2.625zm9.188 17.063H1.312V3.938h2.625v.656c0 .362.294.656.657.656h6.562a.656.656 0 00.656-.656v-.657h2.626v15.75z"/></svg> <div class="closing-icon" style="display:none;" data-v-344dcb9e><svg version="1.1" viewBox="0 0 18 18" class="remove-icon svg-icon svg-fill" style="width:10px;height:10px;" data-v-344dcb9e><path fill="#fff" stroke="none" pid="0" fill="#333" d="M17.755 1.814A.699.699 0 0018 1.273a.738.738 0 00-.245-.554.803.803 0 00-.573-.219.855.855 0 00-.587.219L9 7.905 1.39.719A.797.797 0 00.818.5a.855.855 0 00-.586.219.758.758 0 00-.232.554c0 .213.077.394.232.54L7.841 9l-7.61 7.173a.761.761 0 00-.231.554c0 .214.077.394.232.541.165.155.36.232.586.232a.78.78 0 00.573-.232L9 10.095l7.595 7.173c.165.155.36.232.587.232a.781.781 0 00.573-.232.697.697 0 00.245-.54c0-.215-.081-.4-.245-.555L10.159 9l7.596-7.186z" fill-rule="evenodd"/></svg></div></div> <div class="wishlist-item-wrapper" data-v-b9033f4a data-v-f16d327c><div class="scroll" data-v-b9033f4a><div data-v-9444bd58 data-v-b9033f4a></div> <!----></div> <div class="wishlist-dropdown-link" data-v-b9033f4a><div data-v-697dda27 data-v-b9033f4a><div class="wishlist-link" data-v-697dda27><a data-v-697dda27>Create new wishlist</a></div> <div class="wishlist-link" data-v-697dda27><a data-v-697dda27>Manage wishlists</a></div></div></div></div></div></div></div></div></div><div class="swiper-slide cms-product-cards-carousel-slide" data-v-6dc1bbe5><div class="product-card-container" data-v-4eb474b4 data-v-6dc1bbe5><div class="product-card-wrapper" data-v-4eb474b4><div class="product-card" data-v-4eb474b4><div data-v-4eb474b4><div class="wishlist-wrapper" data-v-2ece9c9d><div class="wishlist-banner" style="display:none;" data-v-2ece9c9d><span data-v-2ece9c9d>
            
        </span> <!----></div> <div class="wishlist-icon dense-grid-layout" style="display:none;" data-v-2ece9c9d><span style="display:none;" data-v-2ece9c9d>Add to wishlist</span> <svg version="1.1" viewBox="0 0 16 21" class="icon svg-icon svg-fill" style="width:16px;height:21px;" data-v-2ece9c9d><path fill="#737373" stroke="none" pid="0" d="M7.683 8.068a.658.658 0 00-.929-.001l-2.16 2.161-.848-.849a.657.657 0 00-.928.928L4.13 11.62a.66.66 0 00.928.001l2.625-2.625a.657.657 0 000-.928zm0 5.25a.658.658 0 00-.929-.001l-2.16 2.161-.848-.848a.657.657 0 00-.928.928l1.312 1.313a.654.654 0 00.928 0l2.625-2.625a.657.657 0 000-.928zm4.786-4.13H9.844a.656.656 0 000 1.312h2.625a.656.656 0 000-1.313zm0 5.25H9.844a.656.656 0 000 1.312h2.625a.656.656 0 000-1.313z"/><path fill="#737373" stroke="none" pid="1" d="M14.438 2.625h-2.626v-.656a.656.656 0 00-.656-.657H9.732A1.974 1.974 0 007.875 0C7.019 0 6.29.549 6.018 1.313H4.594a.656.656 0 00-.657.656v.656H1.313C.589 2.625 0 3.215 0 3.938v15.75C0 20.41.59 21 1.313 21h13.124c.724 0 1.313-.59 1.313-1.313V3.938c0-.723-.59-1.312-1.313-1.312zm-9.188 0h1.313a.656.656 0 00.656-.656.656.656 0 011.312 0c0 .362.294.656.656.656H10.5v1.313H5.25V2.625zm9.188 17.063H1.312V3.938h2.625v.656c0 .362.294.656.657.656h6.562a.656.656 0 00.656-.656v-.657h2.626v15.75z"/></svg></div></div> <!----></div> <div class="product-card-event-label-wrapper" data-v-4eb474b4><!----></div> <div class="product-card-content" data-v-4eb474b4><a href="/us_en/eataly-aperitivo-all-italiana-2025" class="product-link" data-v-4eb474b4><div class="product-card-image-name-manufacturer" data-v-4eb474b4><div class="product-card-image" data-v-4eb474b4><img width="200" height="200" alt="Aperitivo All'Italiana Gift Box" src="https://www.eataly.com/media/catalog/product/a/d/adobe_express_-_file_45_.png" loading="lazy" class="product-image" data-v-4eb474b4> <div class="product-badge product-badge product-badge--discount" data-v-608c9b3f data-v-4eb474b4><span data-v-608c9b3f>Offer -20%</span></div></div> <div class="name-manufacturer" data-v-4eb474b4><div data-test-e2e="product-card-product-name" class="product-card-name" data-v-4eb474b4><span data-v-4eb474b4>
                                    Aperitivo All'Italiana Gift Box
                                </span></div> <div class="product-card-manufacturer" data-v-4eb474b4><!----> <span data-v-4eb474b4>
                                    Eataly
                                </span></div> <!----></div></div></a> <div class="product-card-price-add-info" data-v-4eb474b4><!----> <div class="add-info" data-v-4eb474b4><div class="product-card-info" data-v-4eb474b4><div class="item-info" data-v-4eb474b4><div data-v-4eb474b4></div> <div data-v-4eb474b4>1 Unit</div></div> <div class="price" data-v-4eb474b4><div class="original-price" data-v-4eb474b4>
                                    $76.99
                                </div> <div class="final-price" data-v-4eb474b4>$61.59</div></div></div> <div class="product-card-add" data-v-4eb474b4><div data-test-e2e="add-to-cart-button" class="button-wrapper add-to-cart-button dense-grid-layout" data-v-1956333b data-v-4eb474b4><div data-test-e2e="add-to-cart-no-items" tabindex="0" role="button" class="button-no-items a11y-focus-standard" data-v-1956333b><!----> <div class="no-items-label dense-grid-layout" data-v-1956333b><svg version="1.1" viewBox="0 0 388 339" class="cart-icon svg-icon svg-fill" style="width:17px;height:15px;" data-v-1956333b><path fill="#fff" stroke="none" pid="0" id="Layer" fill-rule="evenodd" d="M128.11 224.12c-2.84 0-5.57 1.13-7.58 3.14a10.726 10.726 0 00-3.14 7.58c0 2.84 1.13 5.57 3.14 7.58 2.01 2.01 4.74 3.14 7.58 3.14h196.36c2.84 0 5.57 1.13 7.58 3.14 2.01 2.01 3.14 4.74 3.14 7.58s-1.13 5.57-3.14 7.58a10.726 10.726 0 01-7.58 3.14H128.11c-7.45.11-14.71-2.38-20.53-7.04a32.081 32.081 0 01-11.36-18.5 32.04 32.04 0 013-21.49c3.46-6.6 9.12-11.79 15.99-14.68-2.05-9.14-37.73-168.1-39.1-174.22H19.8c-2.84 0-5.57-1.13-7.58-3.14a10.726 10.726 0 01-3.14-7.58c0-2.84 1.13-5.57 3.14-7.58 2.01-2.01 4.74-3.14 7.58-3.14h65c1.22-.01 2.42.19 3.57.59 1.15.4 2.23.99 3.18 1.74.96.76 1.77 1.67 2.42 2.7.65 1.02 1.13 2.15 1.4 3.34l7.74 34.52h264.67a10.708 10.708 0 014.82 1.12c.75.37 1.46.83 2.1 1.36.64.53 1.22 1.13 1.73 1.79.5.66.93 1.37 1.26 2.13.34.75.59 1.55.74 2.36a10.555 10.555 0 01-.24 4.91l-43.31 150.13c-.33 1.12-.83 2.17-1.5 3.13-.66.95-1.48 1.8-2.41 2.49-.93.7-1.97 1.24-3.08 1.6-1.1.37-2.26.55-3.42.55H128.08l.03.03zm8.69-22.48h179.5L353.43 73H107.92l28.88 128.64z" fill="#000"/><path fill="#fff" stroke="none" pid="1" id="Layer" fill-rule="evenodd" d="M178.07 298.32c0 17.74-14.21 32.17-31.68 32.17s-31.68-14.43-31.68-32.17c0-17.74 14.21-32.17 31.68-32.17s31.68 14.43 31.68 32.17zm-27.98 9.94c1.18-.48 2.25-1.2 3.14-2.1.9-.89 1.62-1.96 2.1-3.14.49-1.17.74-2.43.74-3.7 0-3.92-2.36-7.44-5.98-8.94a9.66 9.66 0 00-10.54 2.1 9.66 9.66 0 00-2.1 10.54 9.672 9.672 0 008.94 5.98c1.27 0 2.53-.25 3.7-.74zM304.69 267c17.47 0 31.67 14.4 31.67 32.14 0 17.74-14.21 32.17-31.68 32.17S273 316.88 273 299.14c0-17.73 14.22-32.14 31.69-32.14zm-.3 22.71a9.7 9.7 0 00-3.68.73 9.534 9.534 0 00-3.12 2.08c-.9.89-1.6 1.95-2.09 3.12a9.7 9.7 0 00-.73 3.68 9.61 9.61 0 005.93 8.88c3.59 1.49 7.73.66 10.48-2.08a9.632 9.632 0 002.08-10.48 9.61 9.61 0 00-8.88-5.93h.01z" fill="#000"/></svg> <span class="cart-icon-text" data-v-1956333b>Add to cart</span></div></div></div></div></div></div></div></div> <div class="product-card-back" data-v-4eb474b4><div class="wishlist-drop-down-wrapper" style="display:none;" data-v-f16d327c data-v-4eb474b4><div class="wishlist-drop-down-banner" data-v-344dcb9e data-v-f16d327c>
    Choose a wishlist
    <svg version="1.1" viewBox="0 0 16 21" class="icon svg-icon svg-fill" style="width:16px;height:21px;" data-v-344dcb9e><path fill="white" stroke="none" pid="0" d="M7.683 8.068a.658.658 0 00-.929-.001l-2.16 2.161-.848-.849a.657.657 0 00-.928.928L4.13 11.62a.66.66 0 00.928.001l2.625-2.625a.657.657 0 000-.928zm0 5.25a.658.658 0 00-.929-.001l-2.16 2.161-.848-.848a.657.657 0 00-.928.928l1.312 1.313a.654.654 0 00.928 0l2.625-2.625a.657.657 0 000-.928zm4.786-4.13H9.844a.656.656 0 000 1.312h2.625a.656.656 0 000-1.313zm0 5.25H9.844a.656.656 0 000 1.312h2.625a.656.656 0 000-1.313z"/><path fill="white" stroke="none" pid="1" d="M14.438 2.625h-2.626v-.656a.656.656 0 00-.656-.657H9.732A1.974 1.974 0 007.875 0C7.019 0 6.29.549 6.018 1.313H4.594a.656.656 0 00-.657.656v.656H1.313C.589 2.625 0 3.215 0 3.938v15.75C0 20.41.59 21 1.313 21h13.124c.724 0 1.313-.59 1.313-1.313V3.938c0-.723-.59-1.312-1.313-1.312zm-9.188 0h1.313a.656.656 0 00.656-.656.656.656 0 011.312 0c0 .362.294.656.656.656H10.5v1.313H5.25V2.625zm9.188 17.063H1.312V3.938h2.625v.656c0 .362.294.656.657.656h6.562a.656.656 0 00.656-.656v-.657h2.626v15.75z"/></svg> <div class="closing-icon" style="display:none;" data-v-344dcb9e><svg version="1.1" viewBox="0 0 18 18" class="remove-icon svg-icon svg-fill" style="width:10px;height:10px;" data-v-344dcb9e><path fill="#fff" stroke="none" pid="0" fill="#333" d="M17.755 1.814A.699.699 0 0018 1.273a.738.738 0 00-.245-.554.803.803 0 00-.573-.219.855.855 0 00-.587.219L9 7.905 1.39.719A.797.797 0 00.818.5a.855.855 0 00-.586.219.758.758 0 00-.232.554c0 .213.077.394.232.54L7.841 9l-7.61 7.173a.761.761 0 00-.231.554c0 .214.077.394.232.541.165.155.36.232.586.232a.78.78 0 00.573-.232L9 10.095l7.595 7.173c.165.155.36.232.587.232a.781.781 0 00.573-.232.697.697 0 00.245-.54c0-.215-.081-.4-.245-.555L10.159 9l7.596-7.186z" fill-rule="evenodd"/></svg></div></div> <div class="wishlist-item-wrapper" data-v-b9033f4a data-v-f16d327c><div class="scroll" data-v-b9033f4a><div data-v-9444bd58 data-v-b9033f4a></div> <!----></div> <div class="wishlist-dropdown-link" data-v-b9033f4a><div data-v-697dda27 data-v-b9033f4a><div class="wishlist-link" data-v-697dda27><a data-v-697dda27>Create new wishlist</a></div> <div class="wishlist-link" data-v-697dda27><a data-v-697dda27>Manage wishlists</a></div></div></div></div></div></div></div></div></div><div class="swiper-slide cms-product-cards-carousel-slide" data-v-6dc1bbe5><div class="product-card-container" data-v-4eb474b4 data-v-6dc1bbe5><div class="product-card-wrapper" data-v-4eb474b4><div class="product-card" data-v-4eb474b4><div data-v-4eb474b4><div class="wishlist-wrapper" data-v-2ece9c9d><div class="wishlist-banner" style="display:none;" data-v-2ece9c9d><span data-v-2ece9c9d>
            
        </span> <!----></div> <div class="wishlist-icon dense-grid-layout" style="display:none;" data-v-2ece9c9d><span style="display:none;" data-v-2ece9c9d>Add to wishlist</span> <svg version="1.1" viewBox="0 0 16 21" class="icon svg-icon svg-fill" style="width:16px;height:21px;" data-v-2ece9c9d><path fill="#737373" stroke="none" pid="0" d="M7.683 8.068a.658.658 0 00-.929-.001l-2.16 2.161-.848-.849a.657.657 0 00-.928.928L4.13 11.62a.66.66 0 00.928.001l2.625-2.625a.657.657 0 000-.928zm0 5.25a.658.658 0 00-.929-.001l-2.16 2.161-.848-.848a.657.657 0 00-.928.928l1.312 1.313a.654.654 0 00.928 0l2.625-2.625a.657.657 0 000-.928zm4.786-4.13H9.844a.656.656 0 000 1.312h2.625a.656.656 0 000-1.313zm0 5.25H9.844a.656.656 0 000 1.312h2.625a.656.656 0 000-1.313z"/><path fill="#737373" stroke="none" pid="1" d="M14.438 2.625h-2.626v-.656a.656.656 0 00-.656-.657H9.732A1.974 1.974 0 007.875 0C7.019 0 6.29.549 6.018 1.313H4.594a.656.656 0 00-.657.656v.656H1.313C.589 2.625 0 3.215 0 3.938v15.75C0 20.41.59 21 1.313 21h13.124c.724 0 1.313-.59 1.313-1.313V3.938c0-.723-.59-1.312-1.313-1.312zm-9.188 0h1.313a.656.656 0 00.656-.656.656.656 0 011.312 0c0 .362.294.656.656.656H10.5v1.313H5.25V2.625zm9.188 17.063H1.312V3.938h2.625v.656c0 .362.294.656.657.656h6.562a.656.656 0 00.656-.656v-.657h2.626v15.75z"/></svg></div></div> <!----></div> <div class="product-card-event-label-wrapper" data-v-4eb474b4><!----></div> <div class="product-card-content" data-v-4eb474b4><a href="/us_en/eataly-pasta-icons" class="product-link" data-v-4eb474b4><div class="product-card-image-name-manufacturer" data-v-4eb474b4><div class="product-card-image" data-v-4eb474b4><img width="200" height="200" alt="Pasta Icons Gift Box" src="https://www.eataly.com/media/catalog/product/a/d/adobe_express_-_file_38_.png" loading="lazy" class="product-image" data-v-4eb474b4> <div class="product-badge product-badge product-badge--discount" data-v-608c9b3f data-v-4eb474b4><span data-v-608c9b3f>Offer -20%</span></div></div> <div class="name-manufacturer" data-v-4eb474b4><div data-test-e2e="product-card-product-name" class="product-card-name" data-v-4eb474b4><span data-v-4eb474b4>
                                    Pasta Icons Gift Box
                                </span></div> <div class="product-card-manufacturer" data-v-4eb474b4><!----> <span data-v-4eb474b4>
                                    Eataly
                                </span></div> <!----></div></div></a> <div class="product-card-price-add-info" data-v-4eb474b4><!----> <div class="add-info" data-v-4eb474b4><div class="product-card-info" data-v-4eb474b4><div class="item-info" data-v-4eb474b4><div data-v-4eb474b4></div> <div data-v-4eb474b4>1 Unit</div></div> <div class="price" data-v-4eb474b4><div class="original-price" data-v-4eb474b4>
                                    $98.99
                                </div> <div class="final-price" data-v-4eb474b4>$79.19</div></div></div> <div class="product-card-add" data-v-4eb474b4><div data-test-e2e="add-to-cart-button" class="button-wrapper add-to-cart-button dense-grid-layout" data-v-1956333b data-v-4eb474b4><div data-test-e2e="add-to-cart-no-items" tabindex="0" role="button" class="button-no-items a11y-focus-standard" data-v-1956333b><!----> <div class="no-items-label dense-grid-layout" data-v-1956333b><svg version="1.1" viewBox="0 0 388 339" class="cart-icon svg-icon svg-fill" style="width:17px;height:15px;" data-v-1956333b><path fill="#fff" stroke="none" pid="0" id="Layer" fill-rule="evenodd" d="M128.11 224.12c-2.84 0-5.57 1.13-7.58 3.14a10.726 10.726 0 00-3.14 7.58c0 2.84 1.13 5.57 3.14 7.58 2.01 2.01 4.74 3.14 7.58 3.14h196.36c2.84 0 5.57 1.13 7.58 3.14 2.01 2.01 3.14 4.74 3.14 7.58s-1.13 5.57-3.14 7.58a10.726 10.726 0 01-7.58 3.14H128.11c-7.45.11-14.71-2.38-20.53-7.04a32.081 32.081 0 01-11.36-18.5 32.04 32.04 0 013-21.49c3.46-6.6 9.12-11.79 15.99-14.68-2.05-9.14-37.73-168.1-39.1-174.22H19.8c-2.84 0-5.57-1.13-7.58-3.14a10.726 10.726 0 01-3.14-7.58c0-2.84 1.13-5.57 3.14-7.58 2.01-2.01 4.74-3.14 7.58-3.14h65c1.22-.01 2.42.19 3.57.59 1.15.4 2.23.99 3.18 1.74.96.76 1.77 1.67 2.42 2.7.65 1.02 1.13 2.15 1.4 3.34l7.74 34.52h264.67a10.708 10.708 0 014.82 1.12c.75.37 1.46.83 2.1 1.36.64.53 1.22 1.13 1.73 1.79.5.66.93 1.37 1.26 2.13.34.75.59 1.55.74 2.36a10.555 10.555 0 01-.24 4.91l-43.31 150.13c-.33 1.12-.83 2.17-1.5 3.13-.66.95-1.48 1.8-2.41 2.49-.93.7-1.97 1.24-3.08 1.6-1.1.37-2.26.55-3.42.55H128.08l.03.03zm8.69-22.48h179.5L353.43 73H107.92l28.88 128.64z" fill="#000"/><path fill="#fff" stroke="none" pid="1" id="Layer" fill-rule="evenodd" d="M178.07 298.32c0 17.74-14.21 32.17-31.68 32.17s-31.68-14.43-31.68-32.17c0-17.74 14.21-32.17 31.68-32.17s31.68 14.43 31.68 32.17zm-27.98 9.94c1.18-.48 2.25-1.2 3.14-2.1.9-.89 1.62-1.96 2.1-3.14.49-1.17.74-2.43.74-3.7 0-3.92-2.36-7.44-5.98-8.94a9.66 9.66 0 00-10.54 2.1 9.66 9.66 0 00-2.1 10.54 9.672 9.672 0 008.94 5.98c1.27 0 2.53-.25 3.7-.74zM304.69 267c17.47 0 31.67 14.4 31.67 32.14 0 17.74-14.21 32.17-31.68 32.17S273 316.88 273 299.14c0-17.73 14.22-32.14 31.69-32.14zm-.3 22.71a9.7 9.7 0 00-3.68.73 9.534 9.534 0 00-3.12 2.08c-.9.89-1.6 1.95-2.09 3.12a9.7 9.7 0 00-.73 3.68 9.61 9.61 0 005.93 8.88c3.59 1.49 7.73.66 10.48-2.08a9.632 9.632 0 002.08-10.48 9.61 9.61 0 00-8.88-5.93h.01z" fill="#000"/></svg> <span class="cart-icon-text" data-v-1956333b>Add to cart</span></div></div></div></div></div></div></div></div> <div class="product-card-back" data-v-4eb474b4><div class="wishlist-drop-down-wrapper" style="display:none;" data-v-f16d327c data-v-4eb474b4><div class="wishlist-drop-down-banner" data-v-344dcb9e data-v-f16d327c>
    Choose a wishlist
    <svg version="1.1" viewBox="0 0 16 21" class="icon svg-icon svg-fill" style="width:16px;height:21px;" data-v-344dcb9e><path fill="white" stroke="none" pid="0" d="M7.683 8.068a.658.658 0 00-.929-.001l-2.16 2.161-.848-.849a.657.657 0 00-.928.928L4.13 11.62a.66.66 0 00.928.001l2.625-2.625a.657.657 0 000-.928zm0 5.25a.658.658 0 00-.929-.001l-2.16 2.161-.848-.848a.657.657 0 00-.928.928l1.312 1.313a.654.654 0 00.928 0l2.625-2.625a.657.657 0 000-.928zm4.786-4.13H9.844a.656.656 0 000 1.312h2.625a.656.656 0 000-1.313zm0 5.25H9.844a.656.656 0 000 1.312h2.625a.656.656 0 000-1.313z"/><path fill="white" stroke="none" pid="1" d="M14.438 2.625h-2.626v-.656a.656.656 0 00-.656-.657H9.732A1.974 1.974 0 007.875 0C7.019 0 6.29.549 6.018 1.313H4.594a.656.656 0 00-.657.656v.656H1.313C.589 2.625 0 3.215 0 3.938v15.75C0 20.41.59 21 1.313 21h13.124c.724 0 1.313-.59 1.313-1.313V3.938c0-.723-.59-1.312-1.313-1.312zm-9.188 0h1.313a.656.656 0 00.656-.656.656.656 0 011.312 0c0 .362.294.656.656.656H10.5v1.313H5.25V2.625zm9.188 17.063H1.312V3.938h2.625v.656c0 .362.294.656.657.656h6.562a.656.656 0 00.656-.656v-.657h2.626v15.75z"/></svg> <div class="closing-icon" style="display:none;" data-v-344dcb9e><svg version="1.1" viewBox="0 0 18 18" class="remove-icon svg-icon svg-fill" style="width:10px;height:10px;" data-v-344dcb9e><path fill="#fff" stroke="none" pid="0" fill="#333" d="M17.755 1.814A.699.699 0 0018 1.273a.738.738 0 00-.245-.554.803.803 0 00-.573-.219.855.855 0 00-.587.219L9 7.905 1.39.719A.797.797 0 00.818.5a.855.855 0 00-.586.219.758.758 0 00-.232.554c0 .213.077.394.232.54L7.841 9l-7.61 7.173a.761.761 0 00-.231.554c0 .214.077.394.232.541.165.155.36.232.586.232a.78.78 0 00.573-.232L9 10.095l7.595 7.173c.165.155.36.232.587.232a.781.781 0 00.573-.232.697.697 0 00.245-.54c0-.215-.081-.4-.245-.555L10.159 9l7.596-7.186z" fill-rule="evenodd"/></svg></div></div> <div class="wishlist-item-wrapper" data-v-b9033f4a data-v-f16d327c><div class="scroll" data-v-b9033f4a><div data-v-9444bd58 data-v-b9033f4a></div> <!----></div> <div class="wishlist-dropdown-link" data-v-b9033f4a><div data-v-697dda27 data-v-b9033f4a><div class="wishlist-link" data-v-697dda27><a data-v-697dda27>Create new wishlist</a></div> <div class="wishlist-link" data-v-697dda27><a data-v-697dda27>Manage wishlists</a></div></div></div></div></div></div></div></div></div><div class="swiper-slide cms-product-cards-carousel-slide" data-v-6dc1bbe5><div class="product-card-container" data-v-4eb474b4 data-v-6dc1bbe5><div class="product-card-wrapper" data-v-4eb474b4><div class="product-card" data-v-4eb474b4><div data-v-4eb474b4><div class="wishlist-wrapper" data-v-2ece9c9d><div class="wishlist-banner" style="display:none;" data-v-2ece9c9d><span data-v-2ece9c9d>
            
        </span> <!----></div> <div class="wishlist-icon dense-grid-layout" style="display:none;" data-v-2ece9c9d><span style="display:none;" data-v-2ece9c9d>Add to wishlist</span> <svg version="1.1" viewBox="0 0 16 21" class="icon svg-icon svg-fill" style="width:16px;height:21px;" data-v-2ece9c9d><path fill="#737373" stroke="none" pid="0" d="M7.683 8.068a.658.658 0 00-.929-.001l-2.16 2.161-.848-.849a.657.657 0 00-.928.928L4.13 11.62a.66.66 0 00.928.001l2.625-2.625a.657.657 0 000-.928zm0 5.25a.658.658 0 00-.929-.001l-2.16 2.161-.848-.848a.657.657 0 00-.928.928l1.312 1.313a.654.654 0 00.928 0l2.625-2.625a.657.657 0 000-.928zm4.786-4.13H9.844a.656.656 0 000 1.312h2.625a.656.656 0 000-1.313zm0 5.25H9.844a.656.656 0 000 1.312h2.625a.656.656 0 000-1.313z"/><path fill="#737373" stroke="none" pid="1" d="M14.438 2.625h-2.626v-.656a.656.656 0 00-.656-.657H9.732A1.974 1.974 0 007.875 0C7.019 0 6.29.549 6.018 1.313H4.594a.656.656 0 00-.657.656v.656H1.313C.589 2.625 0 3.215 0 3.938v15.75C0 20.41.59 21 1.313 21h13.124c.724 0 1.313-.59 1.313-1.313V3.938c0-.723-.59-1.312-1.313-1.312zm-9.188 0h1.313a.656.656 0 00.656-.656.656.656 0 011.312 0c0 .362.294.656.656.656H10.5v1.313H5.25V2.625zm9.188 17.063H1.312V3.938h2.625v.656c0 .362.294.656.657.656h6.562a.656.656 0 00.656-.656v-.657h2.626v15.75z"/></svg></div></div> <!----></div> <div class="product-card-event-label-wrapper" data-v-4eb474b4><!----></div> <div class="product-card-content" data-v-4eb474b4><a href="/us_en/bite-sized-dolci" class="product-link" data-v-4eb474b4><div class="product-card-image-name-manufacturer" data-v-4eb474b4><div class="product-card-image" data-v-4eb474b4><img width="200" height="200" alt="Bite-Sized Dolci Gift Box" src="https://www.eataly.com/media/catalog/product/a/d/adobe_express_-_file_23__3_1.png" loading="lazy" class="product-image" data-v-4eb474b4> <div class="product-badge product-badge product-badge--discount" data-v-608c9b3f data-v-4eb474b4><span data-v-608c9b3f>Offer -20%</span></div></div> <div class="name-manufacturer" data-v-4eb474b4><div data-test-e2e="product-card-product-name" class="product-card-name" data-v-4eb474b4><span data-v-4eb474b4>
                                    Bite-Sized Dolci Gift Box
                                </span></div> <div class="product-card-manufacturer" data-v-4eb474b4><!----> <span data-v-4eb474b4>
                                    Eataly
                                </span></div> <!----></div></div></a> <div class="product-card-price-add-info" data-v-4eb474b4><!----> <div class="add-info" data-v-4eb474b4><div class="product-card-info" data-v-4eb474b4><div class="item-info" data-v-4eb474b4><div data-v-4eb474b4>$47,99/Oz</div> <div data-v-4eb474b4>1 Oz</div></div> <div class="price" data-v-4eb474b4><div class="original-price" data-v-4eb474b4>
                                    $59.99
                                </div> <div class="final-price" data-v-4eb474b4>$47.99</div></div></div> <div class="product-card-add" data-v-4eb474b4><div data-test-e2e="add-to-cart-button" class="button-wrapper add-to-cart-button dense-grid-layout" data-v-1956333b data-v-4eb474b4><div data-test-e2e="add-to-cart-no-items" tabindex="0" role="button" class="button-no-items a11y-focus-standard" data-v-1956333b><!----> <div class="no-items-label dense-grid-layout" data-v-1956333b><svg version="1.1" viewBox="0 0 388 339" class="cart-icon svg-icon svg-fill" style="width:17px;height:15px;" data-v-1956333b><path fill="#fff" stroke="none" pid="0" id="Layer" fill-rule="evenodd" d="M128.11 224.12c-2.84 0-5.57 1.13-7.58 3.14a10.726 10.726 0 00-3.14 7.58c0 2.84 1.13 5.57 3.14 7.58 2.01 2.01 4.74 3.14 7.58 3.14h196.36c2.84 0 5.57 1.13 7.58 3.14 2.01 2.01 3.14 4.74 3.14 7.58s-1.13 5.57-3.14 7.58a10.726 10.726 0 01-7.58 3.14H128.11c-7.45.11-14.71-2.38-20.53-7.04a32.081 32.081 0 01-11.36-18.5 32.04 32.04 0 013-21.49c3.46-6.6 9.12-11.79 15.99-14.68-2.05-9.14-37.73-168.1-39.1-174.22H19.8c-2.84 0-5.57-1.13-7.58-3.14a10.726 10.726 0 01-3.14-7.58c0-2.84 1.13-5.57 3.14-7.58 2.01-2.01 4.74-3.14 7.58-3.14h65c1.22-.01 2.42.19 3.57.59 1.15.4 2.23.99 3.18 1.74.96.76 1.77 1.67 2.42 2.7.65 1.02 1.13 2.15 1.4 3.34l7.74 34.52h264.67a10.708 10.708 0 014.82 1.12c.75.37 1.46.83 2.1 1.36.64.53 1.22 1.13 1.73 1.79.5.66.93 1.37 1.26 2.13.34.75.59 1.55.74 2.36a10.555 10.555 0 01-.24 4.91l-43.31 150.13c-.33 1.12-.83 2.17-1.5 3.13-.66.95-1.48 1.8-2.41 2.49-.93.7-1.97 1.24-3.08 1.6-1.1.37-2.26.55-3.42.55H128.08l.03.03zm8.69-22.48h179.5L353.43 73H107.92l28.88 128.64z" fill="#000"/><path fill="#fff" stroke="none" pid="1" id="Layer" fill-rule="evenodd" d="M178.07 298.32c0 17.74-14.21 32.17-31.68 32.17s-31.68-14.43-31.68-32.17c0-17.74 14.21-32.17 31.68-32.17s31.68 14.43 31.68 32.17zm-27.98 9.94c1.18-.48 2.25-1.2 3.14-2.1.9-.89 1.62-1.96 2.1-3.14.49-1.17.74-2.43.74-3.7 0-3.92-2.36-7.44-5.98-8.94a9.66 9.66 0 00-10.54 2.1 9.66 9.66 0 00-2.1 10.54 9.672 9.672 0 008.94 5.98c1.27 0 2.53-.25 3.7-.74zM304.69 267c17.47 0 31.67 14.4 31.67 32.14 0 17.74-14.21 32.17-31.68 32.17S273 316.88 273 299.14c0-17.73 14.22-32.14 31.69-32.14zm-.3 22.71a9.7 9.7 0 00-3.68.73 9.534 9.534 0 00-3.12 2.08c-.9.89-1.6 1.95-2.09 3.12a9.7 9.7 0 00-.73 3.68 9.61 9.61 0 005.93 8.88c3.59 1.49 7.73.66 10.48-2.08a9.632 9.632 0 002.08-10.48 9.61 9.61 0 00-8.88-5.93h.01z" fill="#000"/></svg> <span class="cart-icon-text" data-v-1956333b>Add to cart</span></div></div></div></div></div></div></div></div> <div class="product-card-back" data-v-4eb474b4><div class="wishlist-drop-down-wrapper" style="display:none;" data-v-f16d327c data-v-4eb474b4><div class="wishlist-drop-down-banner" data-v-344dcb9e data-v-f16d327c>
    Choose a wishlist
    <svg version="1.1" viewBox="0 0 16 21" class="icon svg-icon svg-fill" style="width:16px;height:21px;" data-v-344dcb9e><path fill="white" stroke="none" pid="0" d="M7.683 8.068a.658.658 0 00-.929-.001l-2.16 2.161-.848-.849a.657.657 0 00-.928.928L4.13 11.62a.66.66 0 00.928.001l2.625-2.625a.657.657 0 000-.928zm0 5.25a.658.658 0 00-.929-.001l-2.16 2.161-.848-.848a.657.657 0 00-.928.928l1.312 1.313a.654.654 0 00.928 0l2.625-2.625a.657.657 0 000-.928zm4.786-4.13H9.844a.656.656 0 000 1.312h2.625a.656.656 0 000-1.313zm0 5.25H9.844a.656.656 0 000 1.312h2.625a.656.656 0 000-1.313z"/><path fill="white" stroke="none" pid="1" d="M14.438 2.625h-2.626v-.656a.656.656 0 00-.656-.657H9.732A1.974 1.974 0 007.875 0C7.019 0 6.29.549 6.018 1.313H4.594a.656.656 0 00-.657.656v.656H1.313C.589 2.625 0 3.215 0 3.938v15.75C0 20.41.59 21 1.313 21h13.124c.724 0 1.313-.59 1.313-1.313V3.938c0-.723-.59-1.312-1.313-1.312zm-9.188 0h1.313a.656.656 0 00.656-.656.656.656 0 011.312 0c0 .362.294.656.656.656H10.5v1.313H5.25V2.625zm9.188 17.063H1.312V3.938h2.625v.656c0 .362.294.656.657.656h6.562a.656.656 0 00.656-.656v-.657h2.626v15.75z"/></svg> <div class="closing-icon" style="display:none;" data-v-344dcb9e><svg version="1.1" viewBox="0 0 18 18" class="remove-icon svg-icon svg-fill" style="width:10px;height:10px;" data-v-344dcb9e><path fill="#fff" stroke="none" pid="0" fill="#333" d="M17.755 1.814A.699.699 0 0018 1.273a.738.738 0 00-.245-.554.803.803 0 00-.573-.219.855.855 0 00-.587.219L9 7.905 1.39.719A.797.797 0 00.818.5a.855.855 0 00-.586.219.758.758 0 00-.232.554c0 .213.077.394.232.54L7.841 9l-7.61 7.173a.761.761 0 00-.231.554c0 .214.077.394.232.541.165.155.36.232.586.232a.78.78 0 00.573-.232L9 10.095l7.595 7.173c.165.155.36.232.587.232a.781.781 0 00.573-.232.697.697 0 00.245-.54c0-.215-.081-.4-.245-.555L10.159 9l7.596-7.186z" fill-rule="evenodd"/></svg></div></div> <div class="wishlist-item-wrapper" data-v-b9033f4a data-v-f16d327c><div class="scroll" data-v-b9033f4a><div data-v-9444bd58 data-v-b9033f4a></div> <!----></div> <div class="wishlist-dropdown-link" data-v-b9033f4a><div data-v-697dda27 data-v-b9033f4a><div class="wishlist-link" data-v-697dda27><a data-v-697dda27>Create new wishlist</a></div> <div class="wishlist-link" data-v-697dda27><a data-v-697dda27>Manage wishlists</a></div></div></div></div></div></div></div></div></div><div class="swiper-slide cms-product-cards-carousel-slide" data-v-6dc1bbe5><div class="product-card-container" data-v-4eb474b4 data-v-6dc1bbe5><div class="product-card-wrapper" data-v-4eb474b4><div class="product-card" data-v-4eb474b4><div data-v-4eb474b4><div class="wishlist-wrapper" data-v-2ece9c9d><div class="wishlist-banner" style="display:none;" data-v-2ece9c9d><span data-v-2ece9c9d>
            
        </span> <!----></div> <div class="wishlist-icon dense-grid-layout" style="display:none;" data-v-2ece9c9d><span style="display:none;" data-v-2ece9c9d>Add to wishlist</span> <svg version="1.1" viewBox="0 0 16 21" class="icon svg-icon svg-fill" style="width:16px;height:21px;" data-v-2ece9c9d><path fill="#737373" stroke="none" pid="0" d="M7.683 8.068a.658.658 0 00-.929-.001l-2.16 2.161-.848-.849a.657.657 0 00-.928.928L4.13 11.62a.66.66 0 00.928.001l2.625-2.625a.657.657 0 000-.928zm0 5.25a.658.658 0 00-.929-.001l-2.16 2.161-.848-.848a.657.657 0 00-.928.928l1.312 1.313a.654.654 0 00.928 0l2.625-2.625a.657.657 0 000-.928zm4.786-4.13H9.844a.656.656 0 000 1.312h2.625a.656.656 0 000-1.313zm0 5.25H9.844a.656.656 0 000 1.312h2.625a.656.656 0 000-1.313z"/><path fill="#737373" stroke="none" pid="1" d="M14.438 2.625h-2.626v-.656a.656.656 0 00-.656-.657H9.732A1.974 1.974 0 007.875 0C7.019 0 6.29.549 6.018 1.313H4.594a.656.656 0 00-.657.656v.656H1.313C.589 2.625 0 3.215 0 3.938v15.75C0 20.41.59 21 1.313 21h13.124c.724 0 1.313-.59 1.313-1.313V3.938c0-.723-.59-1.312-1.313-1.312zm-9.188 0h1.313a.656.656 0 00.656-.656.656.656 0 011.312 0c0 .362.294.656.656.656H10.5v1.313H5.25V2.625zm9.188 17.063H1.312V3.938h2.625v.656c0 .362.294.656.657.656h6.562a.656.656 0 00.656-.656v-.657h2.626v15.75z"/></svg></div></div> <!----></div> <div class="product-card-event-label-wrapper" data-v-4eb474b4><!----></div> <div class="product-card-content" data-v-4eb474b4><a href="/us_en/eataly-paradiso-di-pasta-holiday2025" class="product-link" data-v-4eb474b4><div class="product-card-image-name-manufacturer" data-v-4eb474b4><div class="product-card-image" data-v-4eb474b4><img width="200" height="200" alt="Paradiso di Pasta Gift Box" src="https://www.eataly.com/media/catalog/product/a/d/adobe_express_-_file_67_.png" loading="lazy" class="product-image" data-v-4eb474b4> <div class="product-badge product-badge product-badge--discount" data-v-608c9b3f data-v-4eb474b4><span data-v-608c9b3f>Offer -20%</span></div></div> <div class="name-manufacturer" data-v-4eb474b4><div data-test-e2e="product-card-product-name" class="product-card-name" data-v-4eb474b4><span data-v-4eb474b4>
                                    Paradiso di Pasta Gift Box
                                </span></div> <div class="product-card-manufacturer" data-v-4eb474b4><!----> <span data-v-4eb474b4>
                                    Eataly
                                </span></div> <!----></div></div></a> <div class="product-card-price-add-info" data-v-4eb474b4><!----> <div class="add-info" data-v-4eb474b4><div class="product-card-info" data-v-4eb474b4><div class="item-info" data-v-4eb474b4><div data-v-4eb474b4></div> <div data-v-4eb474b4>1 Unit</div></div> <div class="price" data-v-4eb474b4><div class="original-price" data-v-4eb474b4>
                                    $186.99
                                </div> <div class="final-price" data-v-4eb474b4>$149.59</div></div></div> <div class="product-card-add" data-v-4eb474b4><div data-test-e2e="add-to-cart-button" class="button-wrapper add-to-cart-button dense-grid-layout" data-v-1956333b data-v-4eb474b4><div data-test-e2e="add-to-cart-no-items" tabindex="0" role="button" class="button-no-items a11y-focus-standard" data-v-1956333b><!----> <div class="no-items-label dense-grid-layout" data-v-1956333b><svg version="1.1" viewBox="0 0 388 339" class="cart-icon svg-icon svg-fill" style="width:17px;height:15px;" data-v-1956333b><path fill="#fff" stroke="none" pid="0" id="Layer" fill-rule="evenodd" d="M128.11 224.12c-2.84 0-5.57 1.13-7.58 3.14a10.726 10.726 0 00-3.14 7.58c0 2.84 1.13 5.57 3.14 7.58 2.01 2.01 4.74 3.14 7.58 3.14h196.36c2.84 0 5.57 1.13 7.58 3.14 2.01 2.01 3.14 4.74 3.14 7.58s-1.13 5.57-3.14 7.58a10.726 10.726 0 01-7.58 3.14H128.11c-7.45.11-14.71-2.38-20.53-7.04a32.081 32.081 0 01-11.36-18.5 32.04 32.04 0 013-21.49c3.46-6.6 9.12-11.79 15.99-14.68-2.05-9.14-37.73-168.1-39.1-174.22H19.8c-2.84 0-5.57-1.13-7.58-3.14a10.726 10.726 0 01-3.14-7.58c0-2.84 1.13-5.57 3.14-7.58 2.01-2.01 4.74-3.14 7.58-3.14h65c1.22-.01 2.42.19 3.57.59 1.15.4 2.23.99 3.18 1.74.96.76 1.77 1.67 2.42 2.7.65 1.02 1.13 2.15 1.4 3.34l7.74 34.52h264.67a10.708 10.708 0 014.82 1.12c.75.37 1.46.83 2.1 1.36.64.53 1.22 1.13 1.73 1.79.5.66.93 1.37 1.26 2.13.34.75.59 1.55.74 2.36a10.555 10.555 0 01-.24 4.91l-43.31 150.13c-.33 1.12-.83 2.17-1.5 3.13-.66.95-1.48 1.8-2.41 2.49-.93.7-1.97 1.24-3.08 1.6-1.1.37-2.26.55-3.42.55H128.08l.03.03zm8.69-22.48h179.5L353.43 73H107.92l28.88 128.64z" fill="#000"/><path fill="#fff" stroke="none" pid="1" id="Layer" fill-rule="evenodd" d="M178.07 298.32c0 17.74-14.21 32.17-31.68 32.17s-31.68-14.43-31.68-32.17c0-17.74 14.21-32.17 31.68-32.17s31.68 14.43 31.68 32.17zm-27.98 9.94c1.18-.48 2.25-1.2 3.14-2.1.9-.89 1.62-1.96 2.1-3.14.49-1.17.74-2.43.74-3.7 0-3.92-2.36-7.44-5.98-8.94a9.66 9.66 0 00-10.54 2.1 9.66 9.66 0 00-2.1 10.54 9.672 9.672 0 008.94 5.98c1.27 0 2.53-.25 3.7-.74zM304.69 267c17.47 0 31.67 14.4 31.67 32.14 0 17.74-14.21 32.17-31.68 32.17S273 316.88 273 299.14c0-17.73 14.22-32.14 31.69-32.14zm-.3 22.71a9.7 9.7 0 00-3.68.73 9.534 9.534 0 00-3.12 2.08c-.9.89-1.6 1.95-2.09 3.12a9.7 9.7 0 00-.73 3.68 9.61 9.61 0 005.93 8.88c3.59 1.49 7.73.66 10.48-2.08a9.632 9.632 0 002.08-10.48 9.61 9.61 0 00-8.88-5.93h.01z" fill="#000"/></svg> <span class="cart-icon-text" data-v-1956333b>Add to cart</span></div></div></div></div></div></div></div></div> <div class="product-card-back" data-v-4eb474b4><div class="wishlist-drop-down-wrapper" style="display:none;" data-v-f16d327c data-v-4eb474b4><div class="wishlist-drop-down-banner" data-v-344dcb9e data-v-f16d327c>
    Choose a wishlist
    <svg version="1.1" viewBox="0 0 16 21" class="icon svg-icon svg-fill" style="width:16px;height:21px;" data-v-344dcb9e><path fill="white" stroke="none" pid="0" d="M7.683 8.068a.658.658 0 00-.929-.001l-2.16 2.161-.848-.849a.657.657 0 00-.928.928L4.13 11.62a.66.66 0 00.928.001l2.625-2.625a.657.657 0 000-.928zm0 5.25a.658.658 0 00-.929-.001l-2.16 2.161-.848-.848a.657.657 0 00-.928.928l1.312 1.313a.654.654 0 00.928 0l2.625-2.625a.657.657 0 000-.928zm4.786-4.13H9.844a.656.656 0 000 1.312h2.625a.656.656 0 000-1.313zm0 5.25H9.844a.656.656 0 000 1.312h2.625a.656.656 0 000-1.313z"/><path fill="white" stroke="none" pid="1" d="M14.438 2.625h-2.626v-.656a.656.656 0 00-.656-.657H9.732A1.974 1.974 0 007.875 0C7.019 0 6.29.549 6.018 1.313H4.594a.656.656 0 00-.657.656v.656H1.313C.589 2.625 0 3.215 0 3.938v15.75C0 20.41.59 21 1.313 21h13.124c.724 0 1.313-.59 1.313-1.313V3.938c0-.723-.59-1.312-1.313-1.312zm-9.188 0h1.313a.656.656 0 00.656-.656.656.656 0 011.312 0c0 .362.294.656.656.656H10.5v1.313H5.25V2.625zm9.188 17.063H1.312V3.938h2.625v.656c0 .362.294.656.657.656h6.562a.656.656 0 00.656-.656v-.657h2.626v15.75z"/></svg> <div class="closing-icon" style="display:none;" data-v-344dcb9e><svg version="1.1" viewBox="0 0 18 18" class="remove-icon svg-icon svg-fill" style="width:10px;height:10px;" data-v-344dcb9e><path fill="#fff" stroke="none" pid="0" fill="#333" d="M17.755 1.814A.699.699 0 0018 1.273a.738.738 0 00-.245-.554.803.803 0 00-.573-.219.855.855 0 00-.587.219L9 7.905 1.39.719A.797.797 0 00.818.5a.855.855 0 00-.586.219.758.758 0 00-.232.554c0 .213.077.394.232.54L7.841 9l-7.61 7.173a.761.761 0 00-.231.554c0 .214.077.394.232.541.165.155.36.232.586.232a.78.78 0 00.573-.232L9 10.095l7.595 7.173c.165.155.36.232.587.232a.781.781 0 00.573-.232.697.697 0 00.245-.54c0-.215-.081-.4-.245-.555L10.159 9l7.596-7.186z" fill-rule="evenodd"/></svg></div></div> <div class="wishlist-item-wrapper" data-v-b9033f4a data-v-f16d327c><div class="scroll" data-v-b9033f4a><div data-v-9444bd58 data-v-b9033f4a></div> <!----></div> <div class="wishlist-dropdown-link" data-v-b9033f4a><div data-v-697dda27 data-v-b9033f4a><div class="wishlist-link" data-v-697dda27><a data-v-697dda27>Create new wishlist</a></div> <div class="wishlist-link" data-v-697dda27><a data-v-697dda27>Manage wishlists</a></div></div></div></div></div></div></div></div></div></div></div> <div class="swiper-container-desktop" data-v-6dc1bbe5><div class="swiper-wrapper cms-product-cards-carousel cms-product-cards-carousel--has-pagination" data-v-6dc1bbe5><div class="swiper-slide cms-product-cards-carousel-slide" data-v-6dc1bbe5><div class="product-card-container" data-v-4eb474b4 data-v-6dc1bbe5><div class="product-card-wrapper" data-v-4eb474b4><div class="product-card" data-v-4eb474b4><div data-v-4eb474b4><div class="wishlist-wrapper" data-v-2ece9c9d><div class="wishlist-banner" style="display:none;" data-v-2ece9c9d><span data-v-2ece9c9d>
            
        </span> <!----></div> <div class="wishlist-icon dense-grid-layout" style="display:none;" data-v-2ece9c9d><span style="display:none;" data-v-2ece9c9d>Add to wishlist</span> <svg version="1.1" viewBox="0 0 16 21" class="icon svg-icon svg-fill" style="width:16px;height:21px;" data-v-2ece9c9d><path fill="#737373" stroke="none" pid="0" d="M7.683 8.068a.658.658 0 00-.929-.001l-2.16 2.161-.848-.849a.657.657 0 00-.928.928L4.13 11.62a.66.66 0 00.928.001l2.625-2.625a.657.657 0 000-.928zm0 5.25a.658.658 0 00-.929-.001l-2.16 2.161-.848-.848a.657.657 0 00-.928.928l1.312 1.313a.654.654 0 00.928 0l2.625-2.625a.657.657 0 000-.928zm4.786-4.13H9.844a.656.656 0 000 1.312h2.625a.656.656 0 000-1.313zm0 5.25H9.844a.656.656 0 000 1.312h2.625a.656.656 0 000-1.313z"/><path fill="#737373" stroke="none" pid="1" d="M14.438 2.625h-2.626v-.656a.656.656 0 00-.656-.657H9.732A1.974 1.974 0 007.875 0C7.019 0 6.29.549 6.018 1.313H4.594a.656.656 0 00-.657.656v.656H1.313C.589 2.625 0 3.215 0 3.938v15.75C0 20.41.59 21 1.313 21h13.124c.724 0 1.313-.59 1.313-1.313V3.938c0-.723-.59-1.312-1.313-1.312zm-9.188 0h1.313a.656.656 0 00.656-.656.656.656 0 011.312 0c0 .362.294.656.656.656H10.5v1.313H5.25V2.625zm9.188 17.063H1.312V3.938h2.625v.656c0 .362.294.656.657.656h6.562a.656.656 0 00.656-.656v-.657h2.626v15.75z"/></svg></div></div> <!----></div> <div class="product-card-event-label-wrapper" data-v-4eb474b4><!----></div> <div class="product-card-content" data-v-4eb474b4><a href="/us_en/eataly-butta-la-pasta" class="product-link" data-v-4eb474b4><div class="product-card-image-name-manufacturer" data-v-4eb474b4><div class="product-card-image" data-v-4eb474b4><img width="200" height="200" alt="Butta la Pasta Gift Box" src="https://www.eataly.com/media/catalog/product/a/d/adobe_express_-_file_2__10_2.png" loading="lazy" class="product-image" data-v-4eb474b4> <div class="product-badge product-badge product-badge--discount" data-v-608c9b3f data-v-4eb474b4><span data-v-608c9b3f>Offer -20%</span></div></div> <div class="name-manufacturer" data-v-4eb474b4><div data-test-e2e="product-card-product-name" class="product-card-name" data-v-4eb474b4><span data-v-4eb474b4>
                                    Butta la Pasta Gift Box
                                </span></div> <div class="product-card-manufacturer" data-v-4eb474b4><!----> <span data-v-4eb474b4>
                                    Eataly
                                </span></div> <!----></div></div></a> <div class="product-card-price-add-info" data-v-4eb474b4><!----> <div class="add-info" data-v-4eb474b4><div class="product-card-info" data-v-4eb474b4><div class="item-info" data-v-4eb474b4><div data-v-4eb474b4></div> <div data-v-4eb474b4>1 Unit</div></div> <div class="price" data-v-4eb474b4><div class="original-price" data-v-4eb474b4>
                                    $164.99
                                </div> <div class="final-price" data-v-4eb474b4>$131.99</div></div></div> <div class="product-card-add" data-v-4eb474b4><div data-test-e2e="add-to-cart-button" class="button-wrapper add-to-cart-button dense-grid-layout" data-v-1956333b data-v-4eb474b4><div data-test-e2e="add-to-cart-no-items" tabindex="0" role="button" class="button-no-items a11y-focus-standard" data-v-1956333b><!----> <div class="no-items-label dense-grid-layout" data-v-1956333b><svg version="1.1" viewBox="0 0 388 339" class="cart-icon svg-icon svg-fill" style="width:17px;height:15px;" data-v-1956333b><path fill="#fff" stroke="none" pid="0" id="Layer" fill-rule="evenodd" d="M128.11 224.12c-2.84 0-5.57 1.13-7.58 3.14a10.726 10.726 0 00-3.14 7.58c0 2.84 1.13 5.57 3.14 7.58 2.01 2.01 4.74 3.14 7.58 3.14h196.36c2.84 0 5.57 1.13 7.58 3.14 2.01 2.01 3.14 4.74 3.14 7.58s-1.13 5.57-3.14 7.58a10.726 10.726 0 01-7.58 3.14H128.11c-7.45.11-14.71-2.38-20.53-7.04a32.081 32.081 0 01-11.36-18.5 32.04 32.04 0 013-21.49c3.46-6.6 9.12-11.79 15.99-14.68-2.05-9.14-37.73-168.1-39.1-174.22H19.8c-2.84 0-5.57-1.13-7.58-3.14a10.726 10.726 0 01-3.14-7.58c0-2.84 1.13-5.57 3.14-7.58 2.01-2.01 4.74-3.14 7.58-3.14h65c1.22-.01 2.42.19 3.57.59 1.15.4 2.23.99 3.18 1.74.96.76 1.77 1.67 2.42 2.7.65 1.02 1.13 2.15 1.4 3.34l7.74 34.52h264.67a10.708 10.708 0 014.82 1.12c.75.37 1.46.83 2.1 1.36.64.53 1.22 1.13 1.73 1.79.5.66.93 1.37 1.26 2.13.34.75.59 1.55.74 2.36a10.555 10.555 0 01-.24 4.91l-43.31 150.13c-.33 1.12-.83 2.17-1.5 3.13-.66.95-1.48 1.8-2.41 2.49-.93.7-1.97 1.24-3.08 1.6-1.1.37-2.26.55-3.42.55H128.08l.03.03zm8.69-22.48h179.5L353.43 73H107.92l28.88 128.64z" fill="#000"/><path fill="#fff" stroke="none" pid="1" id="Layer" fill-rule="evenodd" d="M178.07 298.32c0 17.74-14.21 32.17-31.68 32.17s-31.68-14.43-31.68-32.17c0-17.74 14.21-32.17 31.68-32.17s31.68 14.43 31.68 32.17zm-27.98 9.94c1.18-.48 2.25-1.2 3.14-2.1.9-.89 1.62-1.96 2.1-3.14.49-1.17.74-2.43.74-3.7 0-3.92-2.36-7.44-5.98-8.94a9.66 9.66 0 00-10.54 2.1 9.66 9.66 0 00-2.1 10.54 9.672 9.672 0 008.94 5.98c1.27 0 2.53-.25 3.7-.74zM304.69 267c17.47 0 31.67 14.4 31.67 32.14 0 17.74-14.21 32.17-31.68 32.17S273 316.88 273 299.14c0-17.73 14.22-32.14 31.69-32.14zm-.3 22.71a9.7 9.7 0 00-3.68.73 9.534 9.534 0 00-3.12 2.08c-.9.89-1.6 1.95-2.09 3.12a9.7 9.7 0 00-.73 3.68 9.61 9.61 0 005.93 8.88c3.59 1.49 7.73.66 10.48-2.08a9.632 9.632 0 002.08-10.48 9.61 9.61 0 00-8.88-5.93h.01z" fill="#000"/></svg> <span class="cart-icon-text" data-v-1956333b>Add to cart</span></div></div></div></div></div></div></div></div> <div class="product-card-back" data-v-4eb474b4><div class="wishlist-drop-down-wrapper" style="display:none;" data-v-f16d327c data-v-4eb474b4><div class="wishlist-drop-down-banner" data-v-344dcb9e data-v-f16d327c>
    Choose a wishlist
    <svg version="1.1" viewBox="0 0 16 21" class="icon svg-icon svg-fill" style="width:16px;height:21px;" data-v-344dcb9e><path fill="white" stroke="none" pid="0" d="M7.683 8.068a.658.658 0 00-.929-.001l-2.16 2.161-.848-.849a.657.657 0 00-.928.928L4.13 11.62a.66.66 0 00.928.001l2.625-2.625a.657.657 0 000-.928zm0 5.25a.658.658 0 00-.929-.001l-2.16 2.161-.848-.848a.657.657 0 00-.928.928l1.312 1.313a.654.654 0 00.928 0l2.625-2.625a.657.657 0 000-.928zm4.786-4.13H9.844a.656.656 0 000 1.312h2.625a.656.656 0 000-1.313zm0 5.25H9.844a.656.656 0 000 1.312h2.625a.656.656 0 000-1.313z"/><path fill="white" stroke="none" pid="1" d="M14.438 2.625h-2.626v-.656a.656.656 0 00-.656-.657H9.732A1.974 1.974 0 007.875 0C7.019 0 6.29.549 6.018 1.313H4.594a.656.656 0 00-.657.656v.656H1.313C.589 2.625 0 3.215 0 3.938v15.75C0 20.41.59 21 1.313 21h13.124c.724 0 1.313-.59 1.313-1.313V3.938c0-.723-.59-1.312-1.313-1.312zm-9.188 0h1.313a.656.656 0 00.656-.656.656.656 0 011.312 0c0 .362.294.656.656.656H10.5v1.313H5.25V2.625zm9.188 17.063H1.312V3.938h2.625v.656c0 .362.294.656.657.656h6.562a.656.656 0 00.656-.656v-.657h2.626v15.75z"/></svg> <div class="closing-icon" style="display:none;" data-v-344dcb9e><svg version="1.1" viewBox="0 0 18 18" class="remove-icon svg-icon svg-fill" style="width:10px;height:10px;" data-v-344dcb9e><path fill="#fff" stroke="none" pid="0" fill="#333" d="M17.755 1.814A.699.699 0 0018 1.273a.738.738 0 00-.245-.554.803.803 0 00-.573-.219.855.855 0 00-.587.219L9 7.905 1.39.719A.797.797 0 00.818.5a.855.855 0 00-.586.219.758.758 0 00-.232.554c0 .213.077.394.232.54L7.841 9l-7.61 7.173a.761.761 0 00-.231.554c0 .214.077.394.232.541.165.155.36.232.586.232a.78.78 0 00.573-.232L9 10.095l7.595 7.173c.165.155.36.232.587.232a.781.781 0 00.573-.232.697.697 0 00.245-.54c0-.215-.081-.4-.245-.555L10.159 9l7.596-7.186z" fill-rule="evenodd"/></svg></div></div> <div class="wishlist-item-wrapper" data-v-b9033f4a data-v-f16d327c><div class="scroll" data-v-b9033f4a><div data-v-9444bd58 data-v-b9033f4a></div> <!----></div> <div class="wishlist-dropdown-link" data-v-b9033f4a><div data-v-697dda27 data-v-b9033f4a><div class="wishlist-link" data-v-697dda27><a data-v-697dda27>Create new wishlist</a></div> <div class="wishlist-link" data-v-697dda27><a data-v-697dda27>Manage wishlists</a></div></div></div></div></div></div></div></div></div><div class="swiper-slide cms-product-cards-carousel-slide" data-v-6dc1bbe5><div class="product-card-container" data-v-4eb474b4 data-v-6dc1bbe5><div class="product-card-wrapper" data-v-4eb474b4><div class="product-card" data-v-4eb474b4><div data-v-4eb474b4><div class="wishlist-wrapper" data-v-2ece9c9d><div class="wishlist-banner" style="display:none;" data-v-2ece9c9d><span data-v-2ece9c9d>
            
        </span> <!----></div> <div class="wishlist-icon dense-grid-layout" style="display:none;" data-v-2ece9c9d><span style="display:none;" data-v-2ece9c9d>Add to wishlist</span> <svg version="1.1" viewBox="0 0 16 21" class="icon svg-icon svg-fill" style="width:16px;height:21px;" data-v-2ece9c9d><path fill="#737373" stroke="none" pid="0" d="M7.683 8.068a.658.658 0 00-.929-.001l-2.16 2.161-.848-.849a.657.657 0 00-.928.928L4.13 11.62a.66.66 0 00.928.001l2.625-2.625a.657.657 0 000-.928zm0 5.25a.658.658 0 00-.929-.001l-2.16 2.161-.848-.848a.657.657 0 00-.928.928l1.312 1.313a.654.654 0 00.928 0l2.625-2.625a.657.657 0 000-.928zm4.786-4.13H9.844a.656.656 0 000 1.312h2.625a.656.656 0 000-1.313zm0 5.25H9.844a.656.656 0 000 1.312h2.625a.656.656 0 000-1.313z"/><path fill="#737373" stroke="none" pid="1" d="M14.438 2.625h-2.626v-.656a.656.656 0 00-.656-.657H9.732A1.974 1.974 0 007.875 0C7.019 0 6.29.549 6.018 1.313H4.594a.656.656 0 00-.657.656v.656H1.313C.589 2.625 0 3.215 0 3.938v15.75C0 20.41.59 21 1.313 21h13.124c.724 0 1.313-.59 1.313-1.313V3.938c0-.723-.59-1.312-1.313-1.312zm-9.188 0h1.313a.656.656 0 00.656-.656.656.656 0 011.312 0c0 .362.294.656.656.656H10.5v1.313H5.25V2.625zm9.188 17.063H1.312V3.938h2.625v.656c0 .362.294.656.657.656h6.562a.656.656 0 00.656-.656v-.657h2.626v15.75z"/></svg></div></div> <!----></div> <div class="product-card-event-label-wrapper" data-v-4eb474b4><!----></div> <div class="product-card-content" data-v-4eb474b4><a href="/us_en/eataly-the-artisanal-drizzle-holiday2025" class="product-link" data-v-4eb474b4><div class="product-card-image-name-manufacturer" data-v-4eb474b4><div class="product-card-image" data-v-4eb474b4><img width="200" height="200" alt="Artisanal Italian Drizzle Gift Box" src="https://www.eataly.com/media/catalog/product/a/d/adobe_express_-_file_58_.png" loading="lazy" class="product-image" data-v-4eb474b4> <div class="product-badge product-badge product-badge--discount" data-v-608c9b3f data-v-4eb474b4><span data-v-608c9b3f>Offer -20%</span></div></div> <div class="name-manufacturer" data-v-4eb474b4><div data-test-e2e="product-card-product-name" class="product-card-name" data-v-4eb474b4><span data-v-4eb474b4>
                                    Artisanal Italian Drizzle Gift Box
                                </span></div> <div class="product-card-manufacturer" data-v-4eb474b4><!----> <span data-v-4eb474b4>
                                    Eataly
                                </span></div> <!----></div></div></a> <div class="product-card-price-add-info" data-v-4eb474b4><!----> <div class="add-info" data-v-4eb474b4><div class="product-card-info" data-v-4eb474b4><div class="item-info" data-v-4eb474b4><div data-v-4eb474b4></div> <div data-v-4eb474b4>1 Unit</div></div> <div class="price" data-v-4eb474b4><div class="original-price" data-v-4eb474b4>
                                    $197.99
                                </div> <div class="final-price" data-v-4eb474b4>$158.39</div></div></div> <div class="product-card-add" data-v-4eb474b4><div data-test-e2e="add-to-cart-button" class="button-wrapper add-to-cart-button dense-grid-layout" data-v-1956333b data-v-4eb474b4><div data-test-e2e="add-to-cart-no-items" tabindex="0" role="button" class="button-no-items a11y-focus-standard" data-v-1956333b><!----> <div class="no-items-label dense-grid-layout" data-v-1956333b><svg version="1.1" viewBox="0 0 388 339" class="cart-icon svg-icon svg-fill" style="width:17px;height:15px;" data-v-1956333b><path fill="#fff" stroke="none" pid="0" id="Layer" fill-rule="evenodd" d="M128.11 224.12c-2.84 0-5.57 1.13-7.58 3.14a10.726 10.726 0 00-3.14 7.58c0 2.84 1.13 5.57 3.14 7.58 2.01 2.01 4.74 3.14 7.58 3.14h196.36c2.84 0 5.57 1.13 7.58 3.14 2.01 2.01 3.14 4.74 3.14 7.58s-1.13 5.57-3.14 7.58a10.726 10.726 0 01-7.58 3.14H128.11c-7.45.11-14.71-2.38-20.53-7.04a32.081 32.081 0 01-11.36-18.5 32.04 32.04 0 013-21.49c3.46-6.6 9.12-11.79 15.99-14.68-2.05-9.14-37.73-168.1-39.1-174.22H19.8c-2.84 0-5.57-1.13-7.58-3.14a10.726 10.726 0 01-3.14-7.58c0-2.84 1.13-5.57 3.14-7.58 2.01-2.01 4.74-3.14 7.58-3.14h65c1.22-.01 2.42.19 3.57.59 1.15.4 2.23.99 3.18 1.74.96.76 1.77 1.67 2.42 2.7.65 1.02 1.13 2.15 1.4 3.34l7.74 34.52h264.67a10.708 10.708 0 014.82 1.12c.75.37 1.46.83 2.1 1.36.64.53 1.22 1.13 1.73 1.79.5.66.93 1.37 1.26 2.13.34.75.59 1.55.74 2.36a10.555 10.555 0 01-.24 4.91l-43.31 150.13c-.33 1.12-.83 2.17-1.5 3.13-.66.95-1.48 1.8-2.41 2.49-.93.7-1.97 1.24-3.08 1.6-1.1.37-2.26.55-3.42.55H128.08l.03.03zm8.69-22.48h179.5L353.43 73H107.92l28.88 128.64z" fill="#000"/><path fill="#fff" stroke="none" pid="1" id="Layer" fill-rule="evenodd" d="M178.07 298.32c0 17.74-14.21 32.17-31.68 32.17s-31.68-14.43-31.68-32.17c0-17.74 14.21-32.17 31.68-32.17s31.68 14.43 31.68 32.17zm-27.98 9.94c1.18-.48 2.25-1.2 3.14-2.1.9-.89 1.62-1.96 2.1-3.14.49-1.17.74-2.43.74-3.7 0-3.92-2.36-7.44-5.98-8.94a9.66 9.66 0 00-10.54 2.1 9.66 9.66 0 00-2.1 10.54 9.672 9.672 0 008.94 5.98c1.27 0 2.53-.25 3.7-.74zM304.69 267c17.47 0 31.67 14.4 31.67 32.14 0 17.74-14.21 32.17-31.68 32.17S273 316.88 273 299.14c0-17.73 14.22-32.14 31.69-32.14zm-.3 22.71a9.7 9.7 0 00-3.68.73 9.534 9.534 0 00-3.12 2.08c-.9.89-1.6 1.95-2.09 3.12a9.7 9.7 0 00-.73 3.68 9.61 9.61 0 005.93 8.88c3.59 1.49 7.73.66 10.48-2.08a9.632 9.632 0 002.08-10.48 9.61 9.61 0 00-8.88-5.93h.01z" fill="#000"/></svg> <span class="cart-icon-text" data-v-1956333b>Add to cart</span></div></div></div></div></div></div></div></div> <div class="product-card-back" data-v-4eb474b4><div class="wishlist-drop-down-wrapper" style="display:none;" data-v-f16d327c data-v-4eb474b4><div class="wishlist-drop-down-banner" data-v-344dcb9e data-v-f16d327c>
    Choose a wishlist
    <svg version="1.1" viewBox="0 0 16 21" class="icon svg-icon svg-fill" style="width:16px;height:21px;" data-v-344dcb9e><path fill="white" stroke="none" pid="0" d="M7.683 8.068a.658.658 0 00-.929-.001l-2.16 2.161-.848-.849a.657.657 0 00-.928.928L4.13 11.62a.66.66 0 00.928.001l2.625-2.625a.657.657 0 000-.928zm0 5.25a.658.658 0 00-.929-.001l-2.16 2.161-.848-.848a.657.657 0 00-.928.928l1.312 1.313a.654.654 0 00.928 0l2.625-2.625a.657.657 0 000-.928zm4.786-4.13H9.844a.656.656 0 000 1.312h2.625a.656.656 0 000-1.313zm0 5.25H9.844a.656.656 0 000 1.312h2.625a.656.656 0 000-1.313z"/><path fill="white" stroke="none" pid="1" d="M14.438 2.625h-2.626v-.656a.656.656 0 00-.656-.657H9.732A1.974 1.974 0 007.875 0C7.019 0 6.29.549 6.018 1.313H4.594a.656.656 0 00-.657.656v.656H1.313C.589 2.625 0 3.215 0 3.938v15.75C0 20.41.59 21 1.313 21h13.124c.724 0 1.313-.59 1.313-1.313V3.938c0-.723-.59-1.312-1.313-1.312zm-9.188 0h1.313a.656.656 0 00.656-.656.656.656 0 011.312 0c0 .362.294.656.656.656H10.5v1.313H5.25V2.625zm9.188 17.063H1.312V3.938h2.625v.656c0 .362.294.656.657.656h6.562a.656.656 0 00.656-.656v-.657h2.626v15.75z"/></svg> <div class="closing-icon" style="display:none;" data-v-344dcb9e><svg version="1.1" viewBox="0 0 18 18" class="remove-icon svg-icon svg-fill" style="width:10px;height:10px;" data-v-344dcb9e><path fill="#fff" stroke="none" pid="0" fill="#333" d="M17.755 1.814A.699.699 0 0018 1.273a.738.738 0 00-.245-.554.803.803 0 00-.573-.219.855.855 0 00-.587.219L9 7.905 1.39.719A.797.797 0 00.818.5a.855.855 0 00-.586.219.758.758 0 00-.232.554c0 .213.077.394.232.54L7.841 9l-7.61 7.173a.761.761 0 00-.231.554c0 .214.077.394.232.541.165.155.36.232.586.232a.78.78 0 00.573-.232L9 10.095l7.595 7.173c.165.155.36.232.587.232a.781.781 0 00.573-.232.697.697 0 00.245-.54c0-.215-.081-.4-.245-.555L10.159 9l7.596-7.186z" fill-rule="evenodd"/></svg></div></div> <div class="wishlist-item-wrapper" data-v-b9033f4a data-v-f16d327c><div class="scroll" data-v-b9033f4a><div data-v-9444bd58 data-v-b9033f4a></div> <!----></div> <div class="wishlist-dropdown-link" data-v-b9033f4a><div data-v-697dda27 data-v-b9033f4a><div class="wishlist-link" data-v-697dda27><a data-v-697dda27>Create new wishlist</a></div> <div class="wishlist-link" data-v-697dda27><a data-v-697dda27>Manage wishlists</a></div></div></div></div></div></div></div></div></div><div class="swiper-slide cms-product-cards-carousel-slide" data-v-6dc1bbe5><div class="product-card-container" data-v-4eb474b4 data-v-6dc1bbe5><div class="product-card-wrapper" data-v-4eb474b4><div class="product-card" data-v-4eb474b4><div data-v-4eb474b4><div class="wishlist-wrapper" data-v-2ece9c9d><div class="wishlist-banner" style="display:none;" data-v-2ece9c9d><span data-v-2ece9c9d>
            
        </span> <!----></div> <div class="wishlist-icon dense-grid-layout" style="display:none;" data-v-2ece9c9d><span style="display:none;" data-v-2ece9c9d>Add to wishlist</span> <svg version="1.1" viewBox="0 0 16 21" class="icon svg-icon svg-fill" style="width:16px;height:21px;" data-v-2ece9c9d><path fill="#737373" stroke="none" pid="0" d="M7.683 8.068a.658.658 0 00-.929-.001l-2.16 2.161-.848-.849a.657.657 0 00-.928.928L4.13 11.62a.66.66 0 00.928.001l2.625-2.625a.657.657 0 000-.928zm0 5.25a.658.658 0 00-.929-.001l-2.16 2.161-.848-.848a.657.657 0 00-.928.928l1.312 1.313a.654.654 0 00.928 0l2.625-2.625a.657.657 0 000-.928zm4.786-4.13H9.844a.656.656 0 000 1.312h2.625a.656.656 0 000-1.313zm0 5.25H9.844a.656.656 0 000 1.312h2.625a.656.656 0 000-1.313z"/><path fill="#737373" stroke="none" pid="1" d="M14.438 2.625h-2.626v-.656a.656.656 0 00-.656-.657H9.732A1.974 1.974 0 007.875 0C7.019 0 6.29.549 6.018 1.313H4.594a.656.656 0 00-.657.656v.656H1.313C.589 2.625 0 3.215 0 3.938v15.75C0 20.41.59 21 1.313 21h13.124c.724 0 1.313-.59 1.313-1.313V3.938c0-.723-.59-1.312-1.313-1.312zm-9.188 0h1.313a.656.656 0 00.656-.656.656.656 0 011.312 0c0 .362.294.656.656.656H10.5v1.313H5.25V2.625zm9.188 17.063H1.312V3.938h2.625v.656c0 .362.294.656.657.656h6.562a.656.656 0 00.656-.656v-.657h2.626v15.75z"/></svg></div></div> <!----></div> <div class="product-card-event-label-wrapper" data-v-4eb474b4><!----></div> <div class="product-card-content" data-v-4eb474b4><a href="/us_en/eataly-italian-dinner-for-two" class="product-link" data-v-4eb474b4><div class="product-card-image-name-manufacturer" data-v-4eb474b4><div class="product-card-image" data-v-4eb474b4><img width="200" height="200" alt="Italian Dinner for Two Gift Box" src="https://www.eataly.com/media/catalog/product/a/d/adobe_express_-_file_48_.png" loading="lazy" class="product-image" data-v-4eb474b4> <div class="product-badge product-badge product-badge--discount" data-v-608c9b3f data-v-4eb474b4><span data-v-608c9b3f>Offer -20%</span></div></div> <div class="name-manufacturer" data-v-4eb474b4><div data-test-e2e="product-card-product-name" class="product-card-name" data-v-4eb474b4><span data-v-4eb474b4>
                                    Italian Dinner for Two Gift Box
                                </span></div> <div class="product-card-manufacturer" data-v-4eb474b4><!----> <span data-v-4eb474b4>
                                    Eataly
                                </span></div> <!----></div></div></a> <div class="product-card-price-add-info" data-v-4eb474b4><!----> <div class="add-info" data-v-4eb474b4><div class="product-card-info" data-v-4eb474b4><div class="item-info" data-v-4eb474b4><div data-v-4eb474b4></div> <div data-v-4eb474b4>1 Unit</div></div> <div class="price" data-v-4eb474b4><div class="original-price" data-v-4eb474b4>
                                    $131.99
                                </div> <div class="final-price" data-v-4eb474b4>$105.59</div></div></div> <div class="product-card-add" data-v-4eb474b4><div data-test-e2e="add-to-cart-button" class="button-wrapper add-to-cart-button dense-grid-layout" data-v-1956333b data-v-4eb474b4><div data-test-e2e="add-to-cart-no-items" tabindex="0" role="button" class="button-no-items a11y-focus-standard" data-v-1956333b><!----> <div class="no-items-label dense-grid-layout" data-v-1956333b><svg version="1.1" viewBox="0 0 388 339" class="cart-icon svg-icon svg-fill" style="width:17px;height:15px;" data-v-1956333b><path fill="#fff" stroke="none" pid="0" id="Layer" fill-rule="evenodd" d="M128.11 224.12c-2.84 0-5.57 1.13-7.58 3.14a10.726 10.726 0 00-3.14 7.58c0 2.84 1.13 5.57 3.14 7.58 2.01 2.01 4.74 3.14 7.58 3.14h196.36c2.84 0 5.57 1.13 7.58 3.14 2.01 2.01 3.14 4.74 3.14 7.58s-1.13 5.57-3.14 7.58a10.726 10.726 0 01-7.58 3.14H128.11c-7.45.11-14.71-2.38-20.53-7.04a32.081 32.081 0 01-11.36-18.5 32.04 32.04 0 013-21.49c3.46-6.6 9.12-11.79 15.99-14.68-2.05-9.14-37.73-168.1-39.1-174.22H19.8c-2.84 0-5.57-1.13-7.58-3.14a10.726 10.726 0 01-3.14-7.58c0-2.84 1.13-5.57 3.14-7.58 2.01-2.01 4.74-3.14 7.58-3.14h65c1.22-.01 2.42.19 3.57.59 1.15.4 2.23.99 3.18 1.74.96.76 1.77 1.67 2.42 2.7.65 1.02 1.13 2.15 1.4 3.34l7.74 34.52h264.67a10.708 10.708 0 014.82 1.12c.75.37 1.46.83 2.1 1.36.64.53 1.22 1.13 1.73 1.79.5.66.93 1.37 1.26 2.13.34.75.59 1.55.74 2.36a10.555 10.555 0 01-.24 4.91l-43.31 150.13c-.33 1.12-.83 2.17-1.5 3.13-.66.95-1.48 1.8-2.41 2.49-.93.7-1.97 1.24-3.08 1.6-1.1.37-2.26.55-3.42.55H128.08l.03.03zm8.69-22.48h179.5L353.43 73H107.92l28.88 128.64z" fill="#000"/><path fill="#fff" stroke="none" pid="1" id="Layer" fill-rule="evenodd" d="M178.07 298.32c0 17.74-14.21 32.17-31.68 32.17s-31.68-14.43-31.68-32.17c0-17.74 14.21-32.17 31.68-32.17s31.68 14.43 31.68 32.17zm-27.98 9.94c1.18-.48 2.25-1.2 3.14-2.1.9-.89 1.62-1.96 2.1-3.14.49-1.17.74-2.43.74-3.7 0-3.92-2.36-7.44-5.98-8.94a9.66 9.66 0 00-10.54 2.1 9.66 9.66 0 00-2.1 10.54 9.672 9.672 0 008.94 5.98c1.27 0 2.53-.25 3.7-.74zM304.69 267c17.47 0 31.67 14.4 31.67 32.14 0 17.74-14.21 32.17-31.68 32.17S273 316.88 273 299.14c0-17.73 14.22-32.14 31.69-32.14zm-.3 22.71a9.7 9.7 0 00-3.68.73 9.534 9.534 0 00-3.12 2.08c-.9.89-1.6 1.95-2.09 3.12a9.7 9.7 0 00-.73 3.68 9.61 9.61 0 005.93 8.88c3.59 1.49 7.73.66 10.48-2.08a9.632 9.632 0 002.08-10.48 9.61 9.61 0 00-8.88-5.93h.01z" fill="#000"/></svg> <span class="cart-icon-text" data-v-1956333b>Add to cart</span></div></div></div></div></div></div></div></div> <div class="product-card-back" data-v-4eb474b4><div class="wishlist-drop-down-wrapper" style="display:none;" data-v-f16d327c data-v-4eb474b4><div class="wishlist-drop-down-banner" data-v-344dcb9e data-v-f16d327c>
    Choose a wishlist
    <svg version="1.1" viewBox="0 0 16 21" class="icon svg-icon svg-fill" style="width:16px;height:21px;" data-v-344dcb9e><path fill="white" stroke="none" pid="0" d="M7.683 8.068a.658.658 0 00-.929-.001l-2.16 2.161-.848-.849a.657.657 0 00-.928.928L4.13 11.62a.66.66 0 00.928.001l2.625-2.625a.657.657 0 000-.928zm0 5.25a.658.658 0 00-.929-.001l-2.16 2.161-.848-.848a.657.657 0 00-.928.928l1.312 1.313a.654.654 0 00.928 0l2.625-2.625a.657.657 0 000-.928zm4.786-4.13H9.844a.656.656 0 000 1.312h2.625a.656.656 0 000-1.313zm0 5.25H9.844a.656.656 0 000 1.312h2.625a.656.656 0 000-1.313z"/><path fill="white" stroke="none" pid="1" d="M14.438 2.625h-2.626v-.656a.656.656 0 00-.656-.657H9.732A1.974 1.974 0 007.875 0C7.019 0 6.29.549 6.018 1.313H4.594a.656.656 0 00-.657.656v.656H1.313C.589 2.625 0 3.215 0 3.938v15.75C0 20.41.59 21 1.313 21h13.124c.724 0 1.313-.59 1.313-1.313V3.938c0-.723-.59-1.312-1.313-1.312zm-9.188 0h1.313a.656.656 0 00.656-.656.656.656 0 011.312 0c0 .362.294.656.656.656H10.5v1.313H5.25V2.625zm9.188 17.063H1.312V3.938h2.625v.656c0 .362.294.656.657.656h6.562a.656.656 0 00.656-.656v-.657h2.626v15.75z"/></svg> <div class="closing-icon" style="display:none;" data-v-344dcb9e><svg version="1.1" viewBox="0 0 18 18" class="remove-icon svg-icon svg-fill" style="width:10px;height:10px;" data-v-344dcb9e><path fill="#fff" stroke="none" pid="0" fill="#333" d="M17.755 1.814A.699.699 0 0018 1.273a.738.738 0 00-.245-.554.803.803 0 00-.573-.219.855.855 0 00-.587.219L9 7.905 1.39.719A.797.797 0 00.818.5a.855.855 0 00-.586.219.758.758 0 00-.232.554c0 .213.077.394.232.54L7.841 9l-7.61 7.173a.761.761 0 00-.231.554c0 .214.077.394.232.541.165.155.36.232.586.232a.78.78 0 00.573-.232L9 10.095l7.595 7.173c.165.155.36.232.587.232a.781.781 0 00.573-.232.697.697 0 00.245-.54c0-.215-.081-.4-.245-.555L10.159 9l7.596-7.186z" fill-rule="evenodd"/></svg></div></div> <div class="wishlist-item-wrapper" data-v-b9033f4a data-v-f16d327c><div class="scroll" data-v-b9033f4a><div data-v-9444bd58 data-v-b9033f4a></div> <!----></div> <div class="wishlist-dropdown-link" data-v-b9033f4a><div data-v-697dda27 data-v-b9033f4a><div class="wishlist-link" data-v-697dda27><a data-v-697dda27>Create new wishlist</a></div> <div class="wishlist-link" data-v-697dda27><a data-v-697dda27>Manage wishlists</a></div></div></div></div></div></div></div></div></div><div class="swiper-slide cms-product-cards-carousel-slide" data-v-6dc1bbe5><div class="product-card-container" data-v-4eb474b4 data-v-6dc1bbe5><div class="product-card-wrapper" data-v-4eb474b4><div class="product-card" data-v-4eb474b4><div data-v-4eb474b4><div class="wishlist-wrapper" data-v-2ece9c9d><div class="wishlist-banner" style="display:none;" data-v-2ece9c9d><span data-v-2ece9c9d>
            
        </span> <!----></div> <div class="wishlist-icon dense-grid-layout" style="display:none;" data-v-2ece9c9d><span style="display:none;" data-v-2ece9c9d>Add to wishlist</span> <svg version="1.1" viewBox="0 0 16 21" class="icon svg-icon svg-fill" style="width:16px;height:21px;" data-v-2ece9c9d><path fill="#737373" stroke="none" pid="0" d="M7.683 8.068a.658.658 0 00-.929-.001l-2.16 2.161-.848-.849a.657.657 0 00-.928.928L4.13 11.62a.66.66 0 00.928.001l2.625-2.625a.657.657 0 000-.928zm0 5.25a.658.658 0 00-.929-.001l-2.16 2.161-.848-.848a.657.657 0 00-.928.928l1.312 1.313a.654.654 0 00.928 0l2.625-2.625a.657.657 0 000-.928zm4.786-4.13H9.844a.656.656 0 000 1.312h2.625a.656.656 0 000-1.313zm0 5.25H9.844a.656.656 0 000 1.312h2.625a.656.656 0 000-1.313z"/><path fill="#737373" stroke="none" pid="1" d="M14.438 2.625h-2.626v-.656a.656.656 0 00-.656-.657H9.732A1.974 1.974 0 007.875 0C7.019 0 6.29.549 6.018 1.313H4.594a.656.656 0 00-.657.656v.656H1.313C.589 2.625 0 3.215 0 3.938v15.75C0 20.41.59 21 1.313 21h13.124c.724 0 1.313-.59 1.313-1.313V3.938c0-.723-.59-1.312-1.313-1.312zm-9.188 0h1.313a.656.656 0 00.656-.656.656.656 0 011.312 0c0 .362.294.656.656.656H10.5v1.313H5.25V2.625zm9.188 17.063H1.312V3.938h2.625v.656c0 .362.294.656.657.656h6.562a.656.656 0 00.656-.656v-.657h2.626v15.75z"/></svg></div></div> <!----></div> <div class="product-card-event-label-wrapper" data-v-4eb474b4><!----></div> <div class="product-card-content" data-v-4eb474b4><a href="/us_en/eataly-benvenuto-in-italia-holiday2025" class="product-link" data-v-4eb474b4><div class="product-card-image-name-manufacturer" data-v-4eb474b4><div class="product-card-image" data-v-4eb474b4><img width="200" height="200" alt="Benvenuto in Italia Gift Box" src="https://www.eataly.com/media/catalog/product/a/d/adobe_express_-_file_35__1.png" loading="lazy" class="product-image" data-v-4eb474b4> <div class="product-badge product-badge product-badge--discount" data-v-608c9b3f data-v-4eb474b4><span data-v-608c9b3f>Offer -20%</span></div></div> <div class="name-manufacturer" data-v-4eb474b4><div data-test-e2e="product-card-product-name" class="product-card-name" data-v-4eb474b4><span data-v-4eb474b4>
                                    Benvenuto in Italia Gift Box
                                </span></div> <div class="product-card-manufacturer" data-v-4eb474b4><!----> <span data-v-4eb474b4>
                                    Eataly
                                </span></div> <!----></div></div></a> <div class="product-card-price-add-info" data-v-4eb474b4><!----> <div class="add-info" data-v-4eb474b4><div class="product-card-info" data-v-4eb474b4><div class="item-info" data-v-4eb474b4><div data-v-4eb474b4></div> <div data-v-4eb474b4>1 Unit</div></div> <div class="price" data-v-4eb474b4><div class="original-price" data-v-4eb474b4>
                                    $274.99
                                </div> <div class="final-price" data-v-4eb474b4>$219.99</div></div></div> <div class="product-card-add" data-v-4eb474b4><div data-test-e2e="add-to-cart-button" class="button-wrapper add-to-cart-button dense-grid-layout" data-v-1956333b data-v-4eb474b4><div data-test-e2e="add-to-cart-no-items" tabindex="0" role="button" class="button-no-items a11y-focus-standard" data-v-1956333b><!----> <div class="no-items-label dense-grid-layout" data-v-1956333b><svg version="1.1" viewBox="0 0 388 339" class="cart-icon svg-icon svg-fill" style="width:17px;height:15px;" data-v-1956333b><path fill="#fff" stroke="none" pid="0" id="Layer" fill-rule="evenodd" d="M128.11 224.12c-2.84 0-5.57 1.13-7.58 3.14a10.726 10.726 0 00-3.14 7.58c0 2.84 1.13 5.57 3.14 7.58 2.01 2.01 4.74 3.14 7.58 3.14h196.36c2.84 0 5.57 1.13 7.58 3.14 2.01 2.01 3.14 4.74 3.14 7.58s-1.13 5.57-3.14 7.58a10.726 10.726 0 01-7.58 3.14H128.11c-7.45.11-14.71-2.38-20.53-7.04a32.081 32.081 0 01-11.36-18.5 32.04 32.04 0 013-21.49c3.46-6.6 9.12-11.79 15.99-14.68-2.05-9.14-37.73-168.1-39.1-174.22H19.8c-2.84 0-5.57-1.13-7.58-3.14a10.726 10.726 0 01-3.14-7.58c0-2.84 1.13-5.57 3.14-7.58 2.01-2.01 4.74-3.14 7.58-3.14h65c1.22-.01 2.42.19 3.57.59 1.15.4 2.23.99 3.18 1.74.96.76 1.77 1.67 2.42 2.7.65 1.02 1.13 2.15 1.4 3.34l7.74 34.52h264.67a10.708 10.708 0 014.82 1.12c.75.37 1.46.83 2.1 1.36.64.53 1.22 1.13 1.73 1.79.5.66.93 1.37 1.26 2.13.34.75.59 1.55.74 2.36a10.555 10.555 0 01-.24 4.91l-43.31 150.13c-.33 1.12-.83 2.17-1.5 3.13-.66.95-1.48 1.8-2.41 2.49-.93.7-1.97 1.24-3.08 1.6-1.1.37-2.26.55-3.42.55H128.08l.03.03zm8.69-22.48h179.5L353.43 73H107.92l28.88 128.64z" fill="#000"/><path fill="#fff" stroke="none" pid="1" id="Layer" fill-rule="evenodd" d="M178.07 298.32c0 17.74-14.21 32.17-31.68 32.17s-31.68-14.43-31.68-32.17c0-17.74 14.21-32.17 31.68-32.17s31.68 14.43 31.68 32.17zm-27.98 9.94c1.18-.48 2.25-1.2 3.14-2.1.9-.89 1.62-1.96 2.1-3.14.49-1.17.74-2.43.74-3.7 0-3.92-2.36-7.44-5.98-8.94a9.66 9.66 0 00-10.54 2.1 9.66 9.66 0 00-2.1 10.54 9.672 9.672 0 008.94 5.98c1.27 0 2.53-.25 3.7-.74zM304.69 267c17.47 0 31.67 14.4 31.67 32.14 0 17.74-14.21 32.17-31.68 32.17S273 316.88 273 299.14c0-17.73 14.22-32.14 31.69-32.14zm-.3 22.71a9.7 9.7 0 00-3.68.73 9.534 9.534 0 00-3.12 2.08c-.9.89-1.6 1.95-2.09 3.12a9.7 9.7 0 00-.73 3.68 9.61 9.61 0 005.93 8.88c3.59 1.49 7.73.66 10.48-2.08a9.632 9.632 0 002.08-10.48 9.61 9.61 0 00-8.88-5.93h.01z" fill="#000"/></svg> <span class="cart-icon-text" data-v-1956333b>Add to cart</span></div></div></div></div></div></div></div></div> <div class="product-card-back" data-v-4eb474b4><div class="wishlist-drop-down-wrapper" style="display:none;" data-v-f16d327c data-v-4eb474b4><div class="wishlist-drop-down-banner" data-v-344dcb9e data-v-f16d327c>
    Choose a wishlist
    <svg version="1.1" viewBox="0 0 16 21" class="icon svg-icon svg-fill" style="width:16px;height:21px;" data-v-344dcb9e><path fill="white" stroke="none" pid="0" d="M7.683 8.068a.658.658 0 00-.929-.001l-2.16 2.161-.848-.849a.657.657 0 00-.928.928L4.13 11.62a.66.66 0 00.928.001l2.625-2.625a.657.657 0 000-.928zm0 5.25a.658.658 0 00-.929-.001l-2.16 2.161-.848-.848a.657.657 0 00-.928.928l1.312 1.313a.654.654 0 00.928 0l2.625-2.625a.657.657 0 000-.928zm4.786-4.13H9.844a.656.656 0 000 1.312h2.625a.656.656 0 000-1.313zm0 5.25H9.844a.656.656 0 000 1.312h2.625a.656.656 0 000-1.313z"/><path fill="white" stroke="none" pid="1" d="M14.438 2.625h-2.626v-.656a.656.656 0 00-.656-.657H9.732A1.974 1.974 0 007.875 0C7.019 0 6.29.549 6.018 1.313H4.594a.656.656 0 00-.657.656v.656H1.313C.589 2.625 0 3.215 0 3.938v15.75C0 20.41.59 21 1.313 21h13.124c.724 0 1.313-.59 1.313-1.313V3.938c0-.723-.59-1.312-1.313-1.312zm-9.188 0h1.313a.656.656 0 00.656-.656.656.656 0 011.312 0c0 .362.294.656.656.656H10.5v1.313H5.25V2.625zm9.188 17.063H1.312V3.938h2.625v.656c0 .362.294.656.657.656h6.562a.656.656 0 00.656-.656v-.657h2.626v15.75z"/></svg> <div class="closing-icon" style="display:none;" data-v-344dcb9e><svg version="1.1" viewBox="0 0 18 18" class="remove-icon svg-icon svg-fill" style="width:10px;height:10px;" data-v-344dcb9e><path fill="#fff" stroke="none" pid="0" fill="#333" d="M17.755 1.814A.699.699 0 0018 1.273a.738.738 0 00-.245-.554.803.803 0 00-.573-.219.855.855 0 00-.587.219L9 7.905 1.39.719A.797.797 0 00.818.5a.855.855 0 00-.586.219.758.758 0 00-.232.554c0 .213.077.394.232.54L7.841 9l-7.61 7.173a.761.761 0 00-.231.554c0 .214.077.394.232.541.165.155.36.232.586.232a.78.78 0 00.573-.232L9 10.095l7.595 7.173c.165.155.36.232.587.232a.781.781 0 00.573-.232.697.697 0 00.245-.54c0-.215-.081-.4-.245-.555L10.159 9l7.596-7.186z" fill-rule="evenodd"/></svg></div></div> <div class="wishlist-item-wrapper" data-v-b9033f4a data-v-f16d327c><div class="scroll" data-v-b9033f4a><div data-v-9444bd58 data-v-b9033f4a></div> <!----></div> <div class="wishlist-dropdown-link" data-v-b9033f4a><div data-v-697dda27 data-v-b9033f4a><div class="wishlist-link" data-v-697dda27><a data-v-697dda27>Create new wishlist</a></div> <div class="wishlist-link" data-v-697dda27><a data-v-697dda27>Manage wishlists</a></div></div></div></div></div></div></div></div></div><div class="swiper-slide cms-product-cards-carousel-slide" data-v-6dc1bbe5><div class="product-card-container" data-v-4eb474b4 data-v-6dc1bbe5><div class="product-card-wrapper" data-v-4eb474b4><div class="product-card" data-v-4eb474b4><div data-v-4eb474b4><div class="wishlist-wrapper" data-v-2ece9c9d><div class="wishlist-banner" style="display:none;" data-v-2ece9c9d><span data-v-2ece9c9d>
            
        </span> <!----></div> <div class="wishlist-icon dense-grid-layout" style="display:none;" data-v-2ece9c9d><span style="display:none;" data-v-2ece9c9d>Add to wishlist</span> <svg version="1.1" viewBox="0 0 16 21" class="icon svg-icon svg-fill" style="width:16px;height:21px;" data-v-2ece9c9d><path fill="#737373" stroke="none" pid="0" d="M7.683 8.068a.658.658 0 00-.929-.001l-2.16 2.161-.848-.849a.657.657 0 00-.928.928L4.13 11.62a.66.66 0 00.928.001l2.625-2.625a.657.657 0 000-.928zm0 5.25a.658.658 0 00-.929-.001l-2.16 2.161-.848-.848a.657.657 0 00-.928.928l1.312 1.313a.654.654 0 00.928 0l2.625-2.625a.657.657 0 000-.928zm4.786-4.13H9.844a.656.656 0 000 1.312h2.625a.656.656 0 000-1.313zm0 5.25H9.844a.656.656 0 000 1.312h2.625a.656.656 0 000-1.313z"/><path fill="#737373" stroke="none" pid="1" d="M14.438 2.625h-2.626v-.656a.656.656 0 00-.656-.657H9.732A1.974 1.974 0 007.875 0C7.019 0 6.29.549 6.018 1.313H4.594a.656.656 0 00-.657.656v.656H1.313C.589 2.625 0 3.215 0 3.938v15.75C0 20.41.59 21 1.313 21h13.124c.724 0 1.313-.59 1.313-1.313V3.938c0-.723-.59-1.312-1.313-1.312zm-9.188 0h1.313a.656.656 0 00.656-.656.656.656 0 011.312 0c0 .362.294.656.656.656H10.5v1.313H5.25V2.625zm9.188 17.063H1.312V3.938h2.625v.656c0 .362.294.656.657.656h6.562a.656.656 0 00.656-.656v-.657h2.626v15.75z"/></svg></div></div> <!----></div> <div class="product-card-event-label-wrapper" data-v-4eb474b4><!----></div> <div class="product-card-content" data-v-4eb474b4><a href="/us_en/eataly-self-care-allitaliana-holiday-2025" class="product-link" data-v-4eb474b4><div class="product-card-image-name-manufacturer" data-v-4eb474b4><div class="product-card-image" data-v-4eb474b4><img width="200" height="200" alt="Self-Care all'Italiana Gift Box" src="https://www.eataly.com/media/catalog/product/a/d/adobe_express_-_file_52_.png" loading="lazy" class="product-image" data-v-4eb474b4> <div class="product-badge product-badge product-badge--discount" data-v-608c9b3f data-v-4eb474b4><span data-v-608c9b3f>Offer -20%</span></div></div> <div class="name-manufacturer" data-v-4eb474b4><div data-test-e2e="product-card-product-name" class="product-card-name" data-v-4eb474b4><span data-v-4eb474b4>
                                    Self-Care all'Italiana Gift Box
                                </span></div> <div class="product-card-manufacturer" data-v-4eb474b4><!----> <span data-v-4eb474b4>
                                    Eataly
                                </span></div> <!----></div></div></a> <div class="product-card-price-add-info" data-v-4eb474b4><!----> <div class="add-info" data-v-4eb474b4><div class="product-card-info" data-v-4eb474b4><div class="item-info" data-v-4eb474b4><div data-v-4eb474b4></div> <div data-v-4eb474b4>1 Unit</div></div> <div class="price" data-v-4eb474b4><div class="original-price" data-v-4eb474b4>
                                    $175.99
                                </div> <div class="final-price" data-v-4eb474b4>$140.79</div></div></div> <div class="product-card-add" data-v-4eb474b4><div data-test-e2e="add-to-cart-button" class="button-wrapper add-to-cart-button dense-grid-layout" data-v-1956333b data-v-4eb474b4><div data-test-e2e="add-to-cart-no-items" tabindex="0" role="button" class="button-no-items a11y-focus-standard" data-v-1956333b><!----> <div class="no-items-label dense-grid-layout" data-v-1956333b><svg version="1.1" viewBox="0 0 388 339" class="cart-icon svg-icon svg-fill" style="width:17px;height:15px;" data-v-1956333b><path fill="#fff" stroke="none" pid="0" id="Layer" fill-rule="evenodd" d="M128.11 224.12c-2.84 0-5.57 1.13-7.58 3.14a10.726 10.726 0 00-3.14 7.58c0 2.84 1.13 5.57 3.14 7.58 2.01 2.01 4.74 3.14 7.58 3.14h196.36c2.84 0 5.57 1.13 7.58 3.14 2.01 2.01 3.14 4.74 3.14 7.58s-1.13 5.57-3.14 7.58a10.726 10.726 0 01-7.58 3.14H128.11c-7.45.11-14.71-2.38-20.53-7.04a32.081 32.081 0 01-11.36-18.5 32.04 32.04 0 013-21.49c3.46-6.6 9.12-11.79 15.99-14.68-2.05-9.14-37.73-168.1-39.1-174.22H19.8c-2.84 0-5.57-1.13-7.58-3.14a10.726 10.726 0 01-3.14-7.58c0-2.84 1.13-5.57 3.14-7.58 2.01-2.01 4.74-3.14 7.58-3.14h65c1.22-.01 2.42.19 3.57.59 1.15.4 2.23.99 3.18 1.74.96.76 1.77 1.67 2.42 2.7.65 1.02 1.13 2.15 1.4 3.34l7.74 34.52h264.67a10.708 10.708 0 014.82 1.12c.75.37 1.46.83 2.1 1.36.64.53 1.22 1.13 1.73 1.79.5.66.93 1.37 1.26 2.13.34.75.59 1.55.74 2.36a10.555 10.555 0 01-.24 4.91l-43.31 150.13c-.33 1.12-.83 2.17-1.5 3.13-.66.95-1.48 1.8-2.41 2.49-.93.7-1.97 1.24-3.08 1.6-1.1.37-2.26.55-3.42.55H128.08l.03.03zm8.69-22.48h179.5L353.43 73H107.92l28.88 128.64z" fill="#000"/><path fill="#fff" stroke="none" pid="1" id="Layer" fill-rule="evenodd" d="M178.07 298.32c0 17.74-14.21 32.17-31.68 32.17s-31.68-14.43-31.68-32.17c0-17.74 14.21-32.17 31.68-32.17s31.68 14.43 31.68 32.17zm-27.98 9.94c1.18-.48 2.25-1.2 3.14-2.1.9-.89 1.62-1.96 2.1-3.14.49-1.17.74-2.43.74-3.7 0-3.92-2.36-7.44-5.98-8.94a9.66 9.66 0 00-10.54 2.1 9.66 9.66 0 00-2.1 10.54 9.672 9.672 0 008.94 5.98c1.27 0 2.53-.25 3.7-.74zM304.69 267c17.47 0 31.67 14.4 31.67 32.14 0 17.74-14.21 32.17-31.68 32.17S273 316.88 273 299.14c0-17.73 14.22-32.14 31.69-32.14zm-.3 22.71a9.7 9.7 0 00-3.68.73 9.534 9.534 0 00-3.12 2.08c-.9.89-1.6 1.95-2.09 3.12a9.7 9.7 0 00-.73 3.68 9.61 9.61 0 005.93 8.88c3.59 1.49 7.73.66 10.48-2.08a9.632 9.632 0 002.08-10.48 9.61 9.61 0 00-8.88-5.93h.01z" fill="#000"/></svg> <span class="cart-icon-text" data-v-1956333b>Add to cart</span></div></div></div></div></div></div></div></div> <div class="product-card-back" data-v-4eb474b4><div class="wishlist-drop-down-wrapper" style="display:none;" data-v-f16d327c data-v-4eb474b4><div class="wishlist-drop-down-banner" data-v-344dcb9e data-v-f16d327c>
    Choose a wishlist
    <svg version="1.1" viewBox="0 0 16 21" class="icon svg-icon svg-fill" style="width:16px;height:21px;" data-v-344dcb9e><path fill="white" stroke="none" pid="0" d="M7.683 8.068a.658.658 0 00-.929-.001l-2.16 2.161-.848-.849a.657.657 0 00-.928.928L4.13 11.62a.66.66 0 00.928.001l2.625-2.625a.657.657 0 000-.928zm0 5.25a.658.658 0 00-.929-.001l-2.16 2.161-.848-.848a.657.657 0 00-.928.928l1.312 1.313a.654.654 0 00.928 0l2.625-2.625a.657.657 0 000-.928zm4.786-4.13H9.844a.656.656 0 000 1.312h2.625a.656.656 0 000-1.313zm0 5.25H9.844a.656.656 0 000 1.312h2.625a.656.656 0 000-1.313z"/><path fill="white" stroke="none" pid="1" d="M14.438 2.625h-2.626v-.656a.656.656 0 00-.656-.657H9.732A1.974 1.974 0 007.875 0C7.019 0 6.29.549 6.018 1.313H4.594a.656.656 0 00-.657.656v.656H1.313C.589 2.625 0 3.215 0 3.938v15.75C0 20.41.59 21 1.313 21h13.124c.724 0 1.313-.59 1.313-1.313V3.938c0-.723-.59-1.312-1.313-1.312zm-9.188 0h1.313a.656.656 0 00.656-.656.656.656 0 011.312 0c0 .362.294.656.656.656H10.5v1.313H5.25V2.625zm9.188 17.063H1.312V3.938h2.625v.656c0 .362.294.656.657.656h6.562a.656.656 0 00.656-.656v-.657h2.626v15.75z"/></svg> <div class="closing-icon" style="display:none;" data-v-344dcb9e><svg version="1.1" viewBox="0 0 18 18" class="remove-icon svg-icon svg-fill" style="width:10px;height:10px;" data-v-344dcb9e><path fill="#fff" stroke="none" pid="0" fill="#333" d="M17.755 1.814A.699.699 0 0018 1.273a.738.738 0 00-.245-.554.803.803 0 00-.573-.219.855.855 0 00-.587.219L9 7.905 1.39.719A.797.797 0 00.818.5a.855.855 0 00-.586.219.758.758 0 00-.232.554c0 .213.077.394.232.54L7.841 9l-7.61 7.173a.761.761 0 00-.231.554c0 .214.077.394.232.541.165.155.36.232.586.232a.78.78 0 00.573-.232L9 10.095l7.595 7.173c.165.155.36.232.587.232a.781.781 0 00.573-.232.697.697 0 00.245-.54c0-.215-.081-.4-.245-.555L10.159 9l7.596-7.186z" fill-rule="evenodd"/></svg></div></div> <div class="wishlist-item-wrapper" data-v-b9033f4a data-v-f16d327c><div class="scroll" data-v-b9033f4a><div data-v-9444bd58 data-v-b9033f4a></div> <!----></div> <div class="wishlist-dropdown-link" data-v-b9033f4a><div data-v-697dda27 data-v-b9033f4a><div class="wishlist-link" data-v-697dda27><a data-v-697dda27>Create new wishlist</a></div> <div class="wishlist-link" data-v-697dda27><a data-v-697dda27>Manage wishlists</a></div></div></div></div></div></div></div></div></div><div class="swiper-slide cms-product-cards-carousel-slide" data-v-6dc1bbe5><div class="product-card-container" data-v-4eb474b4 data-v-6dc1bbe5><div class="product-card-wrapper" data-v-4eb474b4><div class="product-card" data-v-4eb474b4><div data-v-4eb474b4><div class="wishlist-wrapper" data-v-2ece9c9d><div class="wishlist-banner" style="display:none;" data-v-2ece9c9d><span data-v-2ece9c9d>
            
        </span> <!----></div> <div class="wishlist-icon dense-grid-layout" style="display:none;" data-v-2ece9c9d><span style="display:none;" data-v-2ece9c9d>Add to wishlist</span> <svg version="1.1" viewBox="0 0 16 21" class="icon svg-icon svg-fill" style="width:16px;height:21px;" data-v-2ece9c9d><path fill="#737373" stroke="none" pid="0" d="M7.683 8.068a.658.658 0 00-.929-.001l-2.16 2.161-.848-.849a.657.657 0 00-.928.928L4.13 11.62a.66.66 0 00.928.001l2.625-2.625a.657.657 0 000-.928zm0 5.25a.658.658 0 00-.929-.001l-2.16 2.161-.848-.848a.657.657 0 00-.928.928l1.312 1.313a.654.654 0 00.928 0l2.625-2.625a.657.657 0 000-.928zm4.786-4.13H9.844a.656.656 0 000 1.312h2.625a.656.656 0 000-1.313zm0 5.25H9.844a.656.656 0 000 1.312h2.625a.656.656 0 000-1.313z"/><path fill="#737373" stroke="none" pid="1" d="M14.438 2.625h-2.626v-.656a.656.656 0 00-.656-.657H9.732A1.974 1.974 0 007.875 0C7.019 0 6.29.549 6.018 1.313H4.594a.656.656 0 00-.657.656v.656H1.313C.589 2.625 0 3.215 0 3.938v15.75C0 20.41.59 21 1.313 21h13.124c.724 0 1.313-.59 1.313-1.313V3.938c0-.723-.59-1.312-1.313-1.312zm-9.188 0h1.313a.656.656 0 00.656-.656.656.656 0 011.312 0c0 .362.294.656.656.656H10.5v1.313H5.25V2.625zm9.188 17.063H1.312V3.938h2.625v.656c0 .362.294.656.657.656h6.562a.656.656 0 00.656-.656v-.657h2.626v15.75z"/></svg></div></div> <!----></div> <div class="product-card-event-label-wrapper" data-v-4eb474b4><div class="event-label tiny text-only" data-v-e009e9de data-v-4eb474b4><!----> <div class="event-label-text" data-v-e009e9de><div class="event-label-text-title" data-v-e009e9de>
            Best Seller
        </div> <!----></div></div></div> <div class="product-card-content" data-v-4eb474b4><a href="/us_en/eataly-dolci-heaven" class="product-link" data-v-4eb474b4><div class="product-card-image-name-manufacturer" data-v-4eb474b4><div class="product-card-image" data-v-4eb474b4><img width="200" height="200" alt="Dolci Heaven Gift Box" src="https://www.eataly.com/media/catalog/product/a/d/adobe_express_-_file_61_.png" loading="lazy" class="product-image" data-v-4eb474b4> <div class="product-badge product-badge product-badge--discount" data-v-608c9b3f data-v-4eb474b4><span data-v-608c9b3f>Offer -20%</span></div></div> <div class="name-manufacturer" data-v-4eb474b4><div data-test-e2e="product-card-product-name" class="product-card-name" data-v-4eb474b4><span data-v-4eb474b4>
                                    Dolci Heaven Gift Box
                                </span></div> <div class="product-card-manufacturer" data-v-4eb474b4><!----> <span data-v-4eb474b4>
                                    Eataly
                                </span></div> <!----></div></div></a> <div class="product-card-price-add-info" data-v-4eb474b4><!----> <div class="add-info" data-v-4eb474b4><div class="product-card-info" data-v-4eb474b4><div class="item-info" data-v-4eb474b4><div data-v-4eb474b4></div> <div data-v-4eb474b4>1 Unit</div></div> <div class="price" data-v-4eb474b4><div class="original-price" data-v-4eb474b4>
                                    $186.99
                                </div> <div class="final-price" data-v-4eb474b4>$149.59</div></div></div> <div class="product-card-add" data-v-4eb474b4><div data-test-e2e="add-to-cart-button" class="button-wrapper add-to-cart-button dense-grid-layout" data-v-1956333b data-v-4eb474b4><div data-test-e2e="add-to-cart-no-items" tabindex="0" role="button" class="button-no-items a11y-focus-standard" data-v-1956333b><!----> <div class="no-items-label dense-grid-layout" data-v-1956333b><svg version="1.1" viewBox="0 0 388 339" class="cart-icon svg-icon svg-fill" style="width:17px;height:15px;" data-v-1956333b><path fill="#fff" stroke="none" pid="0" id="Layer" fill-rule="evenodd" d="M128.11 224.12c-2.84 0-5.57 1.13-7.58 3.14a10.726 10.726 0 00-3.14 7.58c0 2.84 1.13 5.57 3.14 7.58 2.01 2.01 4.74 3.14 7.58 3.14h196.36c2.84 0 5.57 1.13 7.58 3.14 2.01 2.01 3.14 4.74 3.14 7.58s-1.13 5.57-3.14 7.58a10.726 10.726 0 01-7.58 3.14H128.11c-7.45.11-14.71-2.38-20.53-7.04a32.081 32.081 0 01-11.36-18.5 32.04 32.04 0 013-21.49c3.46-6.6 9.12-11.79 15.99-14.68-2.05-9.14-37.73-168.1-39.1-174.22H19.8c-2.84 0-5.57-1.13-7.58-3.14a10.726 10.726 0 01-3.14-7.58c0-2.84 1.13-5.57 3.14-7.58 2.01-2.01 4.74-3.14 7.58-3.14h65c1.22-.01 2.42.19 3.57.59 1.15.4 2.23.99 3.18 1.74.96.76 1.77 1.67 2.42 2.7.65 1.02 1.13 2.15 1.4 3.34l7.74 34.52h264.67a10.708 10.708 0 014.82 1.12c.75.37 1.46.83 2.1 1.36.64.53 1.22 1.13 1.73 1.79.5.66.93 1.37 1.26 2.13.34.75.59 1.55.74 2.36a10.555 10.555 0 01-.24 4.91l-43.31 150.13c-.33 1.12-.83 2.17-1.5 3.13-.66.95-1.48 1.8-2.41 2.49-.93.7-1.97 1.24-3.08 1.6-1.1.37-2.26.55-3.42.55H128.08l.03.03zm8.69-22.48h179.5L353.43 73H107.92l28.88 128.64z" fill="#000"/><path fill="#fff" stroke="none" pid="1" id="Layer" fill-rule="evenodd" d="M178.07 298.32c0 17.74-14.21 32.17-31.68 32.17s-31.68-14.43-31.68-32.17c0-17.74 14.21-32.17 31.68-32.17s31.68 14.43 31.68 32.17zm-27.98 9.94c1.18-.48 2.25-1.2 3.14-2.1.9-.89 1.62-1.96 2.1-3.14.49-1.17.74-2.43.74-3.7 0-3.92-2.36-7.44-5.98-8.94a9.66 9.66 0 00-10.54 2.1 9.66 9.66 0 00-2.1 10.54 9.672 9.672 0 008.94 5.98c1.27 0 2.53-.25 3.7-.74zM304.69 267c17.47 0 31.67 14.4 31.67 32.14 0 17.74-14.21 32.17-31.68 32.17S273 316.88 273 299.14c0-17.73 14.22-32.14 31.69-32.14zm-.3 22.71a9.7 9.7 0 00-3.68.73 9.534 9.534 0 00-3.12 2.08c-.9.89-1.6 1.95-2.09 3.12a9.7 9.7 0 00-.73 3.68 9.61 9.61 0 005.93 8.88c3.59 1.49 7.73.66 10.48-2.08a9.632 9.632 0 002.08-10.48 9.61 9.61 0 00-8.88-5.93h.01z" fill="#000"/></svg> <span class="cart-icon-text" data-v-1956333b>Add to cart</span></div></div></div></div></div></div></div></div> <div class="product-card-back" data-v-4eb474b4><div class="wishlist-drop-down-wrapper" style="display:none;" data-v-f16d327c data-v-4eb474b4><div class="wishlist-drop-down-banner" data-v-344dcb9e data-v-f16d327c>
    Choose a wishlist
    <svg version="1.1" viewBox="0 0 16 21" class="icon svg-icon svg-fill" style="width:16px;height:21px;" data-v-344dcb9e><path fill="white" stroke="none" pid="0" d="M7.683 8.068a.658.658 0 00-.929-.001l-2.16 2.161-.848-.849a.657.657 0 00-.928.928L4.13 11.62a.66.66 0 00.928.001l2.625-2.625a.657.657 0 000-.928zm0 5.25a.658.658 0 00-.929-.001l-2.16 2.161-.848-.848a.657.657 0 00-.928.928l1.312 1.313a.654.654 0 00.928 0l2.625-2.625a.657.657 0 000-.928zm4.786-4.13H9.844a.656.656 0 000 1.312h2.625a.656.656 0 000-1.313zm0 5.25H9.844a.656.656 0 000 1.312h2.625a.656.656 0 000-1.313z"/><path fill="white" stroke="none" pid="1" d="M14.438 2.625h-2.626v-.656a.656.656 0 00-.656-.657H9.732A1.974 1.974 0 007.875 0C7.019 0 6.29.549 6.018 1.313H4.594a.656.656 0 00-.657.656v.656H1.313C.589 2.625 0 3.215 0 3.938v15.75C0 20.41.59 21 1.313 21h13.124c.724 0 1.313-.59 1.313-1.313V3.938c0-.723-.59-1.312-1.313-1.312zm-9.188 0h1.313a.656.656 0 00.656-.656.656.656 0 011.312 0c0 .362.294.656.656.656H10.5v1.313H5.25V2.625zm9.188 17.063H1.312V3.938h2.625v.656c0 .362.294.656.657.656h6.562a.656.656 0 00.656-.656v-.657h2.626v15.75z"/></svg> <div class="closing-icon" style="display:none;" data-v-344dcb9e><svg version="1.1" viewBox="0 0 18 18" class="remove-icon svg-icon svg-fill" style="width:10px;height:10px;" data-v-344dcb9e><path fill="#fff" stroke="none" pid="0" fill="#333" d="M17.755 1.814A.699.699 0 0018 1.273a.738.738 0 00-.245-.554.803.803 0 00-.573-.219.855.855 0 00-.587.219L9 7.905 1.39.719A.797.797 0 00.818.5a.855.855 0 00-.586.219.758.758 0 00-.232.554c0 .213.077.394.232.54L7.841 9l-7.61 7.173a.761.761 0 00-.231.554c0 .214.077.394.232.541.165.155.36.232.586.232a.78.78 0 00.573-.232L9 10.095l7.595 7.173c.165.155.36.232.587.232a.781.781 0 00.573-.232.697.697 0 00.245-.54c0-.215-.081-.4-.245-.555L10.159 9l7.596-7.186z" fill-rule="evenodd"/></svg></div></div> <div class="wishlist-item-wrapper" data-v-b9033f4a data-v-f16d327c><div class="scroll" data-v-b9033f4a><div data-v-9444bd58 data-v-b9033f4a></div> <!----></div> <div class="wishlist-dropdown-link" data-v-b9033f4a><div data-v-697dda27 data-v-b9033f4a><div class="wishlist-link" data-v-697dda27><a data-v-697dda27>Create new wishlist</a></div> <div class="wishlist-link" data-v-697dda27><a data-v-697dda27>Manage wishlists</a></div></div></div></div></div></div></div></div></div><div class="swiper-slide cms-product-cards-carousel-slide" data-v-6dc1bbe5><div class="product-card-container" data-v-4eb474b4 data-v-6dc1bbe5><div class="product-card-wrapper" data-v-4eb474b4><div class="product-card" data-v-4eb474b4><div data-v-4eb474b4><div class="wishlist-wrapper" data-v-2ece9c9d><div class="wishlist-banner" style="display:none;" data-v-2ece9c9d><span data-v-2ece9c9d>
            
        </span> <!----></div> <div class="wishlist-icon dense-grid-layout" style="display:none;" data-v-2ece9c9d><span style="display:none;" data-v-2ece9c9d>Add to wishlist</span> <svg version="1.1" viewBox="0 0 16 21" class="icon svg-icon svg-fill" style="width:16px;height:21px;" data-v-2ece9c9d><path fill="#737373" stroke="none" pid="0" d="M7.683 8.068a.658.658 0 00-.929-.001l-2.16 2.161-.848-.849a.657.657 0 00-.928.928L4.13 11.62a.66.66 0 00.928.001l2.625-2.625a.657.657 0 000-.928zm0 5.25a.658.658 0 00-.929-.001l-2.16 2.161-.848-.848a.657.657 0 00-.928.928l1.312 1.313a.654.654 0 00.928 0l2.625-2.625a.657.657 0 000-.928zm4.786-4.13H9.844a.656.656 0 000 1.312h2.625a.656.656 0 000-1.313zm0 5.25H9.844a.656.656 0 000 1.312h2.625a.656.656 0 000-1.313z"/><path fill="#737373" stroke="none" pid="1" d="M14.438 2.625h-2.626v-.656a.656.656 0 00-.656-.657H9.732A1.974 1.974 0 007.875 0C7.019 0 6.29.549 6.018 1.313H4.594a.656.656 0 00-.657.656v.656H1.313C.589 2.625 0 3.215 0 3.938v15.75C0 20.41.59 21 1.313 21h13.124c.724 0 1.313-.59 1.313-1.313V3.938c0-.723-.59-1.312-1.313-1.312zm-9.188 0h1.313a.656.656 0 00.656-.656.656.656 0 011.312 0c0 .362.294.656.656.656H10.5v1.313H5.25V2.625zm9.188 17.063H1.312V3.938h2.625v.656c0 .362.294.656.657.656h6.562a.656.656 0 00.656-.656v-.657h2.626v15.75z"/></svg></div></div> <!----></div> <div class="product-card-event-label-wrapper" data-v-4eb474b4><!----></div> <div class="product-card-content" data-v-4eb474b4><a href="/us_en/eataly-aperitivo-all-italiana-2025" class="product-link" data-v-4eb474b4><div class="product-card-image-name-manufacturer" data-v-4eb474b4><div class="product-card-image" data-v-4eb474b4><img width="200" height="200" alt="Aperitivo All'Italiana Gift Box" src="https://www.eataly.com/media/catalog/product/a/d/adobe_express_-_file_45_.png" loading="lazy" class="product-image" data-v-4eb474b4> <div class="product-badge product-badge product-badge--discount" data-v-608c9b3f data-v-4eb474b4><span data-v-608c9b3f>Offer -20%</span></div></div> <div class="name-manufacturer" data-v-4eb474b4><div data-test-e2e="product-card-product-name" class="product-card-name" data-v-4eb474b4><span data-v-4eb474b4>
                                    Aperitivo All'Italiana Gift Box
                                </span></div> <div class="product-card-manufacturer" data-v-4eb474b4><!----> <span data-v-4eb474b4>
                                    Eataly
                                </span></div> <!----></div></div></a> <div class="product-card-price-add-info" data-v-4eb474b4><!----> <div class="add-info" data-v-4eb474b4><div class="product-card-info" data-v-4eb474b4><div class="item-info" data-v-4eb474b4><div data-v-4eb474b4></div> <div data-v-4eb474b4>1 Unit</div></div> <div class="price" data-v-4eb474b4><div class="original-price" data-v-4eb474b4>
                                    $76.99
                                </div> <div class="final-price" data-v-4eb474b4>$61.59</div></div></div> <div class="product-card-add" data-v-4eb474b4><div data-test-e2e="add-to-cart-button" class="button-wrapper add-to-cart-button dense-grid-layout" data-v-1956333b data-v-4eb474b4><div data-test-e2e="add-to-cart-no-items" tabindex="0" role="button" class="button-no-items a11y-focus-standard" data-v-1956333b><!----> <div class="no-items-label dense-grid-layout" data-v-1956333b><svg version="1.1" viewBox="0 0 388 339" class="cart-icon svg-icon svg-fill" style="width:17px;height:15px;" data-v-1956333b><path fill="#fff" stroke="none" pid="0" id="Layer" fill-rule="evenodd" d="M128.11 224.12c-2.84 0-5.57 1.13-7.58 3.14a10.726 10.726 0 00-3.14 7.58c0 2.84 1.13 5.57 3.14 7.58 2.01 2.01 4.74 3.14 7.58 3.14h196.36c2.84 0 5.57 1.13 7.58 3.14 2.01 2.01 3.14 4.74 3.14 7.58s-1.13 5.57-3.14 7.58a10.726 10.726 0 01-7.58 3.14H128.11c-7.45.11-14.71-2.38-20.53-7.04a32.081 32.081 0 01-11.36-18.5 32.04 32.04 0 013-21.49c3.46-6.6 9.12-11.79 15.99-14.68-2.05-9.14-37.73-168.1-39.1-174.22H19.8c-2.84 0-5.57-1.13-7.58-3.14a10.726 10.726 0 01-3.14-7.58c0-2.84 1.13-5.57 3.14-7.58 2.01-2.01 4.74-3.14 7.58-3.14h65c1.22-.01 2.42.19 3.57.59 1.15.4 2.23.99 3.18 1.74.96.76 1.77 1.67 2.42 2.7.65 1.02 1.13 2.15 1.4 3.34l7.74 34.52h264.67a10.708 10.708 0 014.82 1.12c.75.37 1.46.83 2.1 1.36.64.53 1.22 1.13 1.73 1.79.5.66.93 1.37 1.26 2.13.34.75.59 1.55.74 2.36a10.555 10.555 0 01-.24 4.91l-43.31 150.13c-.33 1.12-.83 2.17-1.5 3.13-.66.95-1.48 1.8-2.41 2.49-.93.7-1.97 1.24-3.08 1.6-1.1.37-2.26.55-3.42.55H128.08l.03.03zm8.69-22.48h179.5L353.43 73H107.92l28.88 128.64z" fill="#000"/><path fill="#fff" stroke="none" pid="1" id="Layer" fill-rule="evenodd" d="M178.07 298.32c0 17.74-14.21 32.17-31.68 32.17s-31.68-14.43-31.68-32.17c0-17.74 14.21-32.17 31.68-32.17s31.68 14.43 31.68 32.17zm-27.98 9.94c1.18-.48 2.25-1.2 3.14-2.1.9-.89 1.62-1.96 2.1-3.14.49-1.17.74-2.43.74-3.7 0-3.92-2.36-7.44-5.98-8.94a9.66 9.66 0 00-10.54 2.1 9.66 9.66 0 00-2.1 10.54 9.672 9.672 0 008.94 5.98c1.27 0 2.53-.25 3.7-.74zM304.69 267c17.47 0 31.67 14.4 31.67 32.14 0 17.74-14.21 32.17-31.68 32.17S273 316.88 273 299.14c0-17.73 14.22-32.14 31.69-32.14zm-.3 22.71a9.7 9.7 0 00-3.68.73 9.534 9.534 0 00-3.12 2.08c-.9.89-1.6 1.95-2.09 3.12a9.7 9.7 0 00-.73 3.68 9.61 9.61 0 005.93 8.88c3.59 1.49 7.73.66 10.48-2.08a9.632 9.632 0 002.08-10.48 9.61 9.61 0 00-8.88-5.93h.01z" fill="#000"/></svg> <span class="cart-icon-text" data-v-1956333b>Add to cart</span></div></div></div></div></div></div></div></div> <div class="product-card-back" data-v-4eb474b4><div class="wishlist-drop-down-wrapper" style="display:none;" data-v-f16d327c data-v-4eb474b4><div class="wishlist-drop-down-banner" data-v-344dcb9e data-v-f16d327c>
    Choose a wishlist
    <svg version="1.1" viewBox="0 0 16 21" class="icon svg-icon svg-fill" style="width:16px;height:21px;" data-v-344dcb9e><path fill="white" stroke="none" pid="0" d="M7.683 8.068a.658.658 0 00-.929-.001l-2.16 2.161-.848-.849a.657.657 0 00-.928.928L4.13 11.62a.66.66 0 00.928.001l2.625-2.625a.657.657 0 000-.928zm0 5.25a.658.658 0 00-.929-.001l-2.16 2.161-.848-.848a.657.657 0 00-.928.928l1.312 1.313a.654.654 0 00.928 0l2.625-2.625a.657.657 0 000-.928zm4.786-4.13H9.844a.656.656 0 000 1.312h2.625a.656.656 0 000-1.313zm0 5.25H9.844a.656.656 0 000 1.312h2.625a.656.656 0 000-1.313z"/><path fill="white" stroke="none" pid="1" d="M14.438 2.625h-2.626v-.656a.656.656 0 00-.656-.657H9.732A1.974 1.974 0 007.875 0C7.019 0 6.29.549 6.018 1.313H4.594a.656.656 0 00-.657.656v.656H1.313C.589 2.625 0 3.215 0 3.938v15.75C0 20.41.59 21 1.313 21h13.124c.724 0 1.313-.59 1.313-1.313V3.938c0-.723-.59-1.312-1.313-1.312zm-9.188 0h1.313a.656.656 0 00.656-.656.656.656 0 011.312 0c0 .362.294.656.656.656H10.5v1.313H5.25V2.625zm9.188 17.063H1.312V3.938h2.625v.656c0 .362.294.656.657.656h6.562a.656.656 0 00.656-.656v-.657h2.626v15.75z"/></svg> <div class="closing-icon" style="display:none;" data-v-344dcb9e><svg version="1.1" viewBox="0 0 18 18" class="remove-icon svg-icon svg-fill" style="width:10px;height:10px;" data-v-344dcb9e><path fill="#fff" stroke="none" pid="0" fill="#333" d="M17.755 1.814A.699.699 0 0018 1.273a.738.738 0 00-.245-.554.803.803 0 00-.573-.219.855.855 0 00-.587.219L9 7.905 1.39.719A.797.797 0 00.818.5a.855.855 0 00-.586.219.758.758 0 00-.232.554c0 .213.077.394.232.54L7.841 9l-7.61 7.173a.761.761 0 00-.231.554c0 .214.077.394.232.541.165.155.36.232.586.232a.78.78 0 00.573-.232L9 10.095l7.595 7.173c.165.155.36.232.587.232a.781.781 0 00.573-.232.697.697 0 00.245-.54c0-.215-.081-.4-.245-.555L10.159 9l7.596-7.186z" fill-rule="evenodd"/></svg></div></div> <div class="wishlist-item-wrapper" data-v-b9033f4a data-v-f16d327c><div class="scroll" data-v-b9033f4a><div data-v-9444bd58 data-v-b9033f4a></div> <!----></div> <div class="wishlist-dropdown-link" data-v-b9033f4a><div data-v-697dda27 data-v-b9033f4a><div class="wishlist-link" data-v-697dda27><a data-v-697dda27>Create new wishlist</a></div> <div class="wishlist-link" data-v-697dda27><a data-v-697dda27>Manage wishlists</a></div></div></div></div></div></div></div></div></div><div class="swiper-slide cms-product-cards-carousel-slide" data-v-6dc1bbe5><div class="product-card-container" data-v-4eb474b4 data-v-6dc1bbe5><div class="product-card-wrapper" data-v-4eb474b4><div class="product-card" data-v-4eb474b4><div data-v-4eb474b4><div class="wishlist-wrapper" data-v-2ece9c9d><div class="wishlist-banner" style="display:none;" data-v-2ece9c9d><span data-v-2ece9c9d>
            
        </span> <!----></div> <div class="wishlist-icon dense-grid-layout" style="display:none;" data-v-2ece9c9d><span style="display:none;" data-v-2ece9c9d>Add to wishlist</span> <svg version="1.1" viewBox="0 0 16 21" class="icon svg-icon svg-fill" style="width:16px;height:21px;" data-v-2ece9c9d><path fill="#737373" stroke="none" pid="0" d="M7.683 8.068a.658.658 0 00-.929-.001l-2.16 2.161-.848-.849a.657.657 0 00-.928.928L4.13 11.62a.66.66 0 00.928.001l2.625-2.625a.657.657 0 000-.928zm0 5.25a.658.658 0 00-.929-.001l-2.16 2.161-.848-.848a.657.657 0 00-.928.928l1.312 1.313a.654.654 0 00.928 0l2.625-2.625a.657.657 0 000-.928zm4.786-4.13H9.844a.656.656 0 000 1.312h2.625a.656.656 0 000-1.313zm0 5.25H9.844a.656.656 0 000 1.312h2.625a.656.656 0 000-1.313z"/><path fill="#737373" stroke="none" pid="1" d="M14.438 2.625h-2.626v-.656a.656.656 0 00-.656-.657H9.732A1.974 1.974 0 007.875 0C7.019 0 6.29.549 6.018 1.313H4.594a.656.656 0 00-.657.656v.656H1.313C.589 2.625 0 3.215 0 3.938v15.75C0 20.41.59 21 1.313 21h13.124c.724 0 1.313-.59 1.313-1.313V3.938c0-.723-.59-1.312-1.313-1.312zm-9.188 0h1.313a.656.656 0 00.656-.656.656.656 0 011.312 0c0 .362.294.656.656.656H10.5v1.313H5.25V2.625zm9.188 17.063H1.312V3.938h2.625v.656c0 .362.294.656.657.656h6.562a.656.656 0 00.656-.656v-.657h2.626v15.75z"/></svg></div></div> <!----></div> <div class="product-card-event-label-wrapper" data-v-4eb474b4><!----></div> <div class="product-card-content" data-v-4eb474b4><a href="/us_en/eataly-pasta-icons" class="product-link" data-v-4eb474b4><div class="product-card-image-name-manufacturer" data-v-4eb474b4><div class="product-card-image" data-v-4eb474b4><img width="200" height="200" alt="Pasta Icons Gift Box" src="https://www.eataly.com/media/catalog/product/a/d/adobe_express_-_file_38_.png" loading="lazy" class="product-image" data-v-4eb474b4> <div class="product-badge product-badge product-badge--discount" data-v-608c9b3f data-v-4eb474b4><span data-v-608c9b3f>Offer -20%</span></div></div> <div class="name-manufacturer" data-v-4eb474b4><div data-test-e2e="product-card-product-name" class="product-card-name" data-v-4eb474b4><span data-v-4eb474b4>
                                    Pasta Icons Gift Box
                                </span></div> <div class="product-card-manufacturer" data-v-4eb474b4><!----> <span data-v-4eb474b4>
                                    Eataly
                                </span></div> <!----></div></div></a> <div class="product-card-price-add-info" data-v-4eb474b4><!----> <div class="add-info" data-v-4eb474b4><div class="product-card-info" data-v-4eb474b4><div class="item-info" data-v-4eb474b4><div data-v-4eb474b4></div> <div data-v-4eb474b4>1 Unit</div></div> <div class="price" data-v-4eb474b4><div class="original-price" data-v-4eb474b4>
                                    $98.99
                                </div> <div class="final-price" data-v-4eb474b4>$79.19</div></div></div> <div class="product-card-add" data-v-4eb474b4><div data-test-e2e="add-to-cart-button" class="button-wrapper add-to-cart-button dense-grid-layout" data-v-1956333b data-v-4eb474b4><div data-test-e2e="add-to-cart-no-items" tabindex="0" role="button" class="button-no-items a11y-focus-standard" data-v-1956333b><!----> <div class="no-items-label dense-grid-layout" data-v-1956333b><svg version="1.1" viewBox="0 0 388 339" class="cart-icon svg-icon svg-fill" style="width:17px;height:15px;" data-v-1956333b><path fill="#fff" stroke="none" pid="0" id="Layer" fill-rule="evenodd" d="M128.11 224.12c-2.84 0-5.57 1.13-7.58 3.14a10.726 10.726 0 00-3.14 7.58c0 2.84 1.13 5.57 3.14 7.58 2.01 2.01 4.74 3.14 7.58 3.14h196.36c2.84 0 5.57 1.13 7.58 3.14 2.01 2.01 3.14 4.74 3.14 7.58s-1.13 5.57-3.14 7.58a10.726 10.726 0 01-7.58 3.14H128.11c-7.45.11-14.71-2.38-20.53-7.04a32.081 32.081 0 01-11.36-18.5 32.04 32.04 0 013-21.49c3.46-6.6 9.12-11.79 15.99-14.68-2.05-9.14-37.73-168.1-39.1-174.22H19.8c-2.84 0-5.57-1.13-7.58-3.14a10.726 10.726 0 01-3.14-7.58c0-2.84 1.13-5.57 3.14-7.58 2.01-2.01 4.74-3.14 7.58-3.14h65c1.22-.01 2.42.19 3.57.59 1.15.4 2.23.99 3.18 1.74.96.76 1.77 1.67 2.42 2.7.65 1.02 1.13 2.15 1.4 3.34l7.74 34.52h264.67a10.708 10.708 0 014.82 1.12c.75.37 1.46.83 2.1 1.36.64.53 1.22 1.13 1.73 1.79.5.66.93 1.37 1.26 2.13.34.75.59 1.55.74 2.36a10.555 10.555 0 01-.24 4.91l-43.31 150.13c-.33 1.12-.83 2.17-1.5 3.13-.66.95-1.48 1.8-2.41 2.49-.93.7-1.97 1.24-3.08 1.6-1.1.37-2.26.55-3.42.55H128.08l.03.03zm8.69-22.48h179.5L353.43 73H107.92l28.88 128.64z" fill="#000"/><path fill="#fff" stroke="none" pid="1" id="Layer" fill-rule="evenodd" d="M178.07 298.32c0 17.74-14.21 32.17-31.68 32.17s-31.68-14.43-31.68-32.17c0-17.74 14.21-32.17 31.68-32.17s31.68 14.43 31.68 32.17zm-27.98 9.94c1.18-.48 2.25-1.2 3.14-2.1.9-.89 1.62-1.96 2.1-3.14.49-1.17.74-2.43.74-3.7 0-3.92-2.36-7.44-5.98-8.94a9.66 9.66 0 00-10.54 2.1 9.66 9.66 0 00-2.1 10.54 9.672 9.672 0 008.94 5.98c1.27 0 2.53-.25 3.7-.74zM304.69 267c17.47 0 31.67 14.4 31.67 32.14 0 17.74-14.21 32.17-31.68 32.17S273 316.88 273 299.14c0-17.73 14.22-32.14 31.69-32.14zm-.3 22.71a9.7 9.7 0 00-3.68.73 9.534 9.534 0 00-3.12 2.08c-.9.89-1.6 1.95-2.09 3.12a9.7 9.7 0 00-.73 3.68 9.61 9.61 0 005.93 8.88c3.59 1.49 7.73.66 10.48-2.08a9.632 9.632 0 002.08-10.48 9.61 9.61 0 00-8.88-5.93h.01z" fill="#000"/></svg> <span class="cart-icon-text" data-v-1956333b>Add to cart</span></div></div></div></div></div></div></div></div> <div class="product-card-back" data-v-4eb474b4><div class="wishlist-drop-down-wrapper" style="display:none;" data-v-f16d327c data-v-4eb474b4><div class="wishlist-drop-down-banner" data-v-344dcb9e data-v-f16d327c>
    Choose a wishlist
    <svg version="1.1" viewBox="0 0 16 21" class="icon svg-icon svg-fill" style="width:16px;height:21px;" data-v-344dcb9e><path fill="white" stroke="none" pid="0" d="M7.683 8.068a.658.658 0 00-.929-.001l-2.16 2.161-.848-.849a.657.657 0 00-.928.928L4.13 11.62a.66.66 0 00.928.001l2.625-2.625a.657.657 0 000-.928zm0 5.25a.658.658 0 00-.929-.001l-2.16 2.161-.848-.848a.657.657 0 00-.928.928l1.312 1.313a.654.654 0 00.928 0l2.625-2.625a.657.657 0 000-.928zm4.786-4.13H9.844a.656.656 0 000 1.312h2.625a.656.656 0 000-1.313zm0 5.25H9.844a.656.656 0 000 1.312h2.625a.656.656 0 000-1.313z"/><path fill="white" stroke="none" pid="1" d="M14.438 2.625h-2.626v-.656a.656.656 0 00-.656-.657H9.732A1.974 1.974 0 007.875 0C7.019 0 6.29.549 6.018 1.313H4.594a.656.656 0 00-.657.656v.656H1.313C.589 2.625 0 3.215 0 3.938v15.75C0 20.41.59 21 1.313 21h13.124c.724 0 1.313-.59 1.313-1.313V3.938c0-.723-.59-1.312-1.313-1.312zm-9.188 0h1.313a.656.656 0 00.656-.656.656.656 0 011.312 0c0 .362.294.656.656.656H10.5v1.313H5.25V2.625zm9.188 17.063H1.312V3.938h2.625v.656c0 .362.294.656.657.656h6.562a.656.656 0 00.656-.656v-.657h2.626v15.75z"/></svg> <div class="closing-icon" style="display:none;" data-v-344dcb9e><svg version="1.1" viewBox="0 0 18 18" class="remove-icon svg-icon svg-fill" style="width:10px;height:10px;" data-v-344dcb9e><path fill="#fff" stroke="none" pid="0" fill="#333" d="M17.755 1.814A.699.699 0 0018 1.273a.738.738 0 00-.245-.554.803.803 0 00-.573-.219.855.855 0 00-.587.219L9 7.905 1.39.719A.797.797 0 00.818.5a.855.855 0 00-.586.219.758.758 0 00-.232.554c0 .213.077.394.232.54L7.841 9l-7.61 7.173a.761.761 0 00-.231.554c0 .214.077.394.232.541.165.155.36.232.586.232a.78.78 0 00.573-.232L9 10.095l7.595 7.173c.165.155.36.232.587.232a.781.781 0 00.573-.232.697.697 0 00.245-.54c0-.215-.081-.4-.245-.555L10.159 9l7.596-7.186z" fill-rule="evenodd"/></svg></div></div> <div class="wishlist-item-wrapper" data-v-b9033f4a data-v-f16d327c><div class="scroll" data-v-b9033f4a><div data-v-9444bd58 data-v-b9033f4a></div> <!----></div> <div class="wishlist-dropdown-link" data-v-b9033f4a><div data-v-697dda27 data-v-b9033f4a><div class="wishlist-link" data-v-697dda27><a data-v-697dda27>Create new wishlist</a></div> <div class="wishlist-link" data-v-697dda27><a data-v-697dda27>Manage wishlists</a></div></div></div></div></div></div></div></div></div><div class="swiper-slide cms-product-cards-carousel-slide" data-v-6dc1bbe5><div class="product-card-container" data-v-4eb474b4 data-v-6dc1bbe5><div class="product-card-wrapper" data-v-4eb474b4><div class="product-card" data-v-4eb474b4><div data-v-4eb474b4><div class="wishlist-wrapper" data-v-2ece9c9d><div class="wishlist-banner" style="display:none;" data-v-2ece9c9d><span data-v-2ece9c9d>
            
        </span> <!----></div> <div class="wishlist-icon dense-grid-layout" style="display:none;" data-v-2ece9c9d><span style="display:none;" data-v-2ece9c9d>Add to wishlist</span> <svg version="1.1" viewBox="0 0 16 21" class="icon svg-icon svg-fill" style="width:16px;height:21px;" data-v-2ece9c9d><path fill="#737373" stroke="none" pid="0" d="M7.683 8.068a.658.658 0 00-.929-.001l-2.16 2.161-.848-.849a.657.657 0 00-.928.928L4.13 11.62a.66.66 0 00.928.001l2.625-2.625a.657.657 0 000-.928zm0 5.25a.658.658 0 00-.929-.001l-2.16 2.161-.848-.848a.657.657 0 00-.928.928l1.312 1.313a.654.654 0 00.928 0l2.625-2.625a.657.657 0 000-.928zm4.786-4.13H9.844a.656.656 0 000 1.312h2.625a.656.656 0 000-1.313zm0 5.25H9.844a.656.656 0 000 1.312h2.625a.656.656 0 000-1.313z"/><path fill="#737373" stroke="none" pid="1" d="M14.438 2.625h-2.626v-.656a.656.656 0 00-.656-.657H9.732A1.974 1.974 0 007.875 0C7.019 0 6.29.549 6.018 1.313H4.594a.656.656 0 00-.657.656v.656H1.313C.589 2.625 0 3.215 0 3.938v15.75C0 20.41.59 21 1.313 21h13.124c.724 0 1.313-.59 1.313-1.313V3.938c0-.723-.59-1.312-1.313-1.312zm-9.188 0h1.313a.656.656 0 00.656-.656.656.656 0 011.312 0c0 .362.294.656.656.656H10.5v1.313H5.25V2.625zm9.188 17.063H1.312V3.938h2.625v.656c0 .362.294.656.657.656h6.562a.656.656 0 00.656-.656v-.657h2.626v15.75z"/></svg></div></div> <!----></div> <div class="product-card-event-label-wrapper" data-v-4eb474b4><!----></div> <div class="product-card-content" data-v-4eb474b4><a href="/us_en/bite-sized-dolci" class="product-link" data-v-4eb474b4><div class="product-card-image-name-manufacturer" data-v-4eb474b4><div class="product-card-image" data-v-4eb474b4><img width="200" height="200" alt="Bite-Sized Dolci Gift Box" src="https://www.eataly.com/media/catalog/product/a/d/adobe_express_-_file_23__3_1.png" loading="lazy" class="product-image" data-v-4eb474b4> <div class="product-badge product-badge product-badge--discount" data-v-608c9b3f data-v-4eb474b4><span data-v-608c9b3f>Offer -20%</span></div></div> <div class="name-manufacturer" data-v-4eb474b4><div data-test-e2e="product-card-product-name" class="product-card-name" data-v-4eb474b4><span data-v-4eb474b4>
                                    Bite-Sized Dolci Gift Box
                                </span></div> <div class="product-card-manufacturer" data-v-4eb474b4><!----> <span data-v-4eb474b4>
                                    Eataly
                                </span></div> <!----></div></div></a> <div class="product-card-price-add-info" data-v-4eb474b4><!----> <div class="add-info" data-v-4eb474b4><div class="product-card-info" data-v-4eb474b4><div class="item-info" data-v-4eb474b4><div data-v-4eb474b4>$47,99/Oz</div> <div data-v-4eb474b4>1 Oz</div></div> <div class="price" data-v-4eb474b4><div class="original-price" data-v-4eb474b4>
                                    $59.99
                                </div> <div class="final-price" data-v-4eb474b4>$47.99</div></div></div> <div class="product-card-add" data-v-4eb474b4><div data-test-e2e="add-to-cart-button" class="button-wrapper add-to-cart-button dense-grid-layout" data-v-1956333b data-v-4eb474b4><div data-test-e2e="add-to-cart-no-items" tabindex="0" role="button" class="button-no-items a11y-focus-standard" data-v-1956333b><!----> <div class="no-items-label dense-grid-layout" data-v-1956333b><svg version="1.1" viewBox="0 0 388 339" class="cart-icon svg-icon svg-fill" style="width:17px;height:15px;" data-v-1956333b><path fill="#fff" stroke="none" pid="0" id="Layer" fill-rule="evenodd" d="M128.11 224.12c-2.84 0-5.57 1.13-7.58 3.14a10.726 10.726 0 00-3.14 7.58c0 2.84 1.13 5.57 3.14 7.58 2.01 2.01 4.74 3.14 7.58 3.14h196.36c2.84 0 5.57 1.13 7.58 3.14 2.01 2.01 3.14 4.74 3.14 7.58s-1.13 5.57-3.14 7.58a10.726 10.726 0 01-7.58 3.14H128.11c-7.45.11-14.71-2.38-20.53-7.04a32.081 32.081 0 01-11.36-18.5 32.04 32.04 0 013-21.49c3.46-6.6 9.12-11.79 15.99-14.68-2.05-9.14-37.73-168.1-39.1-174.22H19.8c-2.84 0-5.57-1.13-7.58-3.14a10.726 10.726 0 01-3.14-7.58c0-2.84 1.13-5.57 3.14-7.58 2.01-2.01 4.74-3.14 7.58-3.14h65c1.22-.01 2.42.19 3.57.59 1.15.4 2.23.99 3.18 1.74.96.76 1.77 1.67 2.42 2.7.65 1.02 1.13 2.15 1.4 3.34l7.74 34.52h264.67a10.708 10.708 0 014.82 1.12c.75.37 1.46.83 2.1 1.36.64.53 1.22 1.13 1.73 1.79.5.66.93 1.37 1.26 2.13.34.75.59 1.55.74 2.36a10.555 10.555 0 01-.24 4.91l-43.31 150.13c-.33 1.12-.83 2.17-1.5 3.13-.66.95-1.48 1.8-2.41 2.49-.93.7-1.97 1.24-3.08 1.6-1.1.37-2.26.55-3.42.55H128.08l.03.03zm8.69-22.48h179.5L353.43 73H107.92l28.88 128.64z" fill="#000"/><path fill="#fff" stroke="none" pid="1" id="Layer" fill-rule="evenodd" d="M178.07 298.32c0 17.74-14.21 32.17-31.68 32.17s-31.68-14.43-31.68-32.17c0-17.74 14.21-32.17 31.68-32.17s31.68 14.43 31.68 32.17zm-27.98 9.94c1.18-.48 2.25-1.2 3.14-2.1.9-.89 1.62-1.96 2.1-3.14.49-1.17.74-2.43.74-3.7 0-3.92-2.36-7.44-5.98-8.94a9.66 9.66 0 00-10.54 2.1 9.66 9.66 0 00-2.1 10.54 9.672 9.672 0 008.94 5.98c1.27 0 2.53-.25 3.7-.74zM304.69 267c17.47 0 31.67 14.4 31.67 32.14 0 17.74-14.21 32.17-31.68 32.17S273 316.88 273 299.14c0-17.73 14.22-32.14 31.69-32.14zm-.3 22.71a9.7 9.7 0 00-3.68.73 9.534 9.534 0 00-3.12 2.08c-.9.89-1.6 1.95-2.09 3.12a9.7 9.7 0 00-.73 3.68 9.61 9.61 0 005.93 8.88c3.59 1.49 7.73.66 10.48-2.08a9.632 9.632 0 002.08-10.48 9.61 9.61 0 00-8.88-5.93h.01z" fill="#000"/></svg> <span class="cart-icon-text" data-v-1956333b>Add to cart</span></div></div></div></div></div></div></div></div> <div class="product-card-back" data-v-4eb474b4><div class="wishlist-drop-down-wrapper" style="display:none;" data-v-f16d327c data-v-4eb474b4><div class="wishlist-drop-down-banner" data-v-344dcb9e data-v-f16d327c>
    Choose a wishlist
    <svg version="1.1" viewBox="0 0 16 21" class="icon svg-icon svg-fill" style="width:16px;height:21px;" data-v-344dcb9e><path fill="white" stroke="none" pid="0" d="M7.683 8.068a.658.658 0 00-.929-.001l-2.16 2.161-.848-.849a.657.657 0 00-.928.928L4.13 11.62a.66.66 0 00.928.001l2.625-2.625a.657.657 0 000-.928zm0 5.25a.658.658 0 00-.929-.001l-2.16 2.161-.848-.848a.657.657 0 00-.928.928l1.312 1.313a.654.654 0 00.928 0l2.625-2.625a.657.657 0 000-.928zm4.786-4.13H9.844a.656.656 0 000 1.312h2.625a.656.656 0 000-1.313zm0 5.25H9.844a.656.656 0 000 1.312h2.625a.656.656 0 000-1.313z"/><path fill="white" stroke="none" pid="1" d="M14.438 2.625h-2.626v-.656a.656.656 0 00-.656-.657H9.732A1.974 1.974 0 007.875 0C7.019 0 6.29.549 6.018 1.313H4.594a.656.656 0 00-.657.656v.656H1.313C.589 2.625 0 3.215 0 3.938v15.75C0 20.41.59 21 1.313 21h13.124c.724 0 1.313-.59 1.313-1.313V3.938c0-.723-.59-1.312-1.313-1.312zm-9.188 0h1.313a.656.656 0 00.656-.656.656.656 0 011.312 0c0 .362.294.656.656.656H10.5v1.313H5.25V2.625zm9.188 17.063H1.312V3.938h2.625v.656c0 .362.294.656.657.656h6.562a.656.656 0 00.656-.656v-.657h2.626v15.75z"/></svg> <div class="closing-icon" style="display:none;" data-v-344dcb9e><svg version="1.1" viewBox="0 0 18 18" class="remove-icon svg-icon svg-fill" style="width:10px;height:10px;" data-v-344dcb9e><path fill="#fff" stroke="none" pid="0" fill="#333" d="M17.755 1.814A.699.699 0 0018 1.273a.738.738 0 00-.245-.554.803.803 0 00-.573-.219.855.855 0 00-.587.219L9 7.905 1.39.719A.797.797 0 00.818.5a.855.855 0 00-.586.219.758.758 0 00-.232.554c0 .213.077.394.232.54L7.841 9l-7.61 7.173a.761.761 0 00-.231.554c0 .214.077.394.232.541.165.155.36.232.586.232a.78.78 0 00.573-.232L9 10.095l7.595 7.173c.165.155.36.232.587.232a.781.781 0 00.573-.232.697.697 0 00.245-.54c0-.215-.081-.4-.245-.555L10.159 9l7.596-7.186z" fill-rule="evenodd"/></svg></div></div> <div class="wishlist-item-wrapper" data-v-b9033f4a data-v-f16d327c><div class="scroll" data-v-b9033f4a><div data-v-9444bd58 data-v-b9033f4a></div> <!----></div> <div class="wishlist-dropdown-link" data-v-b9033f4a><div data-v-697dda27 data-v-b9033f4a><div class="wishlist-link" data-v-697dda27><a data-v-697dda27>Create new wishlist</a></div> <div class="wishlist-link" data-v-697dda27><a data-v-697dda27>Manage wishlists</a></div></div></div></div></div></div></div></div></div><div class="swiper-slide cms-product-cards-carousel-slide" data-v-6dc1bbe5><div class="product-card-container" data-v-4eb474b4 data-v-6dc1bbe5><div class="product-card-wrapper" data-v-4eb474b4><div class="product-card" data-v-4eb474b4><div data-v-4eb474b4><div class="wishlist-wrapper" data-v-2ece9c9d><div class="wishlist-banner" style="display:none;" data-v-2ece9c9d><span data-v-2ece9c9d>
            
        </span> <!----></div> <div class="wishlist-icon dense-grid-layout" style="display:none;" data-v-2ece9c9d><span style="display:none;" data-v-2ece9c9d>Add to wishlist</span> <svg version="1.1" viewBox="0 0 16 21" class="icon svg-icon svg-fill" style="width:16px;height:21px;" data-v-2ece9c9d><path fill="#737373" stroke="none" pid="0" d="M7.683 8.068a.658.658 0 00-.929-.001l-2.16 2.161-.848-.849a.657.657 0 00-.928.928L4.13 11.62a.66.66 0 00.928.001l2.625-2.625a.657.657 0 000-.928zm0 5.25a.658.658 0 00-.929-.001l-2.16 2.161-.848-.848a.657.657 0 00-.928.928l1.312 1.313a.654.654 0 00.928 0l2.625-2.625a.657.657 0 000-.928zm4.786-4.13H9.844a.656.656 0 000 1.312h2.625a.656.656 0 000-1.313zm0 5.25H9.844a.656.656 0 000 1.312h2.625a.656.656 0 000-1.313z"/><path fill="#737373" stroke="none" pid="1" d="M14.438 2.625h-2.626v-.656a.656.656 0 00-.656-.657H9.732A1.974 1.974 0 007.875 0C7.019 0 6.29.549 6.018 1.313H4.594a.656.656 0 00-.657.656v.656H1.313C.589 2.625 0 3.215 0 3.938v15.75C0 20.41.59 21 1.313 21h13.124c.724 0 1.313-.59 1.313-1.313V3.938c0-.723-.59-1.312-1.313-1.312zm-9.188 0h1.313a.656.656 0 00.656-.656.656.656 0 011.312 0c0 .362.294.656.656.656H10.5v1.313H5.25V2.625zm9.188 17.063H1.312V3.938h2.625v.656c0 .362.294.656.657.656h6.562a.656.656 0 00.656-.656v-.657h2.626v15.75z"/></svg></div></div> <!----></div> <div class="product-card-event-label-wrapper" data-v-4eb474b4><!----></div> <div class="product-card-content" data-v-4eb474b4><a href="/us_en/eataly-paradiso-di-pasta-holiday2025" class="product-link" data-v-4eb474b4><div class="product-card-image-name-manufacturer" data-v-4eb474b4><div class="product-card-image" data-v-4eb474b4><img width="200" height="200" alt="Paradiso di Pasta Gift Box" src="https://www.eataly.com/media/catalog/product/a/d/adobe_express_-_file_67_.png" loading="lazy" class="product-image" data-v-4eb474b4> <div class="product-badge product-badge product-badge--discount" data-v-608c9b3f data-v-4eb474b4><span data-v-608c9b3f>Offer -20%</span></div></div> <div class="name-manufacturer" data-v-4eb474b4><div data-test-e2e="product-card-product-name" class="product-card-name" data-v-4eb474b4><span data-v-4eb474b4>
                                    Paradiso di Pasta Gift Box
                                </span></div> <div class="product-card-manufacturer" data-v-4eb474b4><!----> <span data-v-4eb474b4>
                                    Eataly
                                </span></div> <!----></div></div></a> <div class="product-card-price-add-info" data-v-4eb474b4><!----> <div class="add-info" data-v-4eb474b4><div class="product-card-info" data-v-4eb474b4><div class="item-info" data-v-4eb474b4><div data-v-4eb474b4></div> <div data-v-4eb474b4>1 Unit</div></div> <div class="price" data-v-4eb474b4><div class="original-price" data-v-4eb474b4>
                                    $186.99
                                </div> <div class="final-price" data-v-4eb474b4>$149.59</div></div></div> <div class="product-card-add" data-v-4eb474b4><div data-test-e2e="add-to-cart-button" class="button-wrapper add-to-cart-button dense-grid-layout" data-v-1956333b data-v-4eb474b4><div data-test-e2e="add-to-cart-no-items" tabindex="0" role="button" class="button-no-items a11y-focus-standard" data-v-1956333b><!----> <div class="no-items-label dense-grid-layout" data-v-1956333b><svg version="1.1" viewBox="0 0 388 339" class="cart-icon svg-icon svg-fill" style="width:17px;height:15px;" data-v-1956333b><path fill="#fff" stroke="none" pid="0" id="Layer" fill-rule="evenodd" d="M128.11 224.12c-2.84 0-5.57 1.13-7.58 3.14a10.726 10.726 0 00-3.14 7.58c0 2.84 1.13 5.57 3.14 7.58 2.01 2.01 4.74 3.14 7.58 3.14h196.36c2.84 0 5.57 1.13 7.58 3.14 2.01 2.01 3.14 4.74 3.14 7.58s-1.13 5.57-3.14 7.58a10.726 10.726 0 01-7.58 3.14H128.11c-7.45.11-14.71-2.38-20.53-7.04a32.081 32.081 0 01-11.36-18.5 32.04 32.04 0 013-21.49c3.46-6.6 9.12-11.79 15.99-14.68-2.05-9.14-37.73-168.1-39.1-174.22H19.8c-2.84 0-5.57-1.13-7.58-3.14a10.726 10.726 0 01-3.14-7.58c0-2.84 1.13-5.57 3.14-7.58 2.01-2.01 4.74-3.14 7.58-3.14h65c1.22-.01 2.42.19 3.57.59 1.15.4 2.23.99 3.18 1.74.96.76 1.77 1.67 2.42 2.7.65 1.02 1.13 2.15 1.4 3.34l7.74 34.52h264.67a10.708 10.708 0 014.82 1.12c.75.37 1.46.83 2.1 1.36.64.53 1.22 1.13 1.73 1.79.5.66.93 1.37 1.26 2.13.34.75.59 1.55.74 2.36a10.555 10.555 0 01-.24 4.91l-43.31 150.13c-.33 1.12-.83 2.17-1.5 3.13-.66.95-1.48 1.8-2.41 2.49-.93.7-1.97 1.24-3.08 1.6-1.1.37-2.26.55-3.42.55H128.08l.03.03zm8.69-22.48h179.5L353.43 73H107.92l28.88 128.64z" fill="#000"/><path fill="#fff" stroke="none" pid="1" id="Layer" fill-rule="evenodd" d="M178.07 298.32c0 17.74-14.21 32.17-31.68 32.17s-31.68-14.43-31.68-32.17c0-17.74 14.21-32.17 31.68-32.17s31.68 14.43 31.68 32.17zm-27.98 9.94c1.18-.48 2.25-1.2 3.14-2.1.9-.89 1.62-1.96 2.1-3.14.49-1.17.74-2.43.74-3.7 0-3.92-2.36-7.44-5.98-8.94a9.66 9.66 0 00-10.54 2.1 9.66 9.66 0 00-2.1 10.54 9.672 9.672 0 008.94 5.98c1.27 0 2.53-.25 3.7-.74zM304.69 267c17.47 0 31.67 14.4 31.67 32.14 0 17.74-14.21 32.17-31.68 32.17S273 316.88 273 299.14c0-17.73 14.22-32.14 31.69-32.14zm-.3 22.71a9.7 9.7 0 00-3.68.73 9.534 9.534 0 00-3.12 2.08c-.9.89-1.6 1.95-2.09 3.12a9.7 9.7 0 00-.73 3.68 9.61 9.61 0 005.93 8.88c3.59 1.49 7.73.66 10.48-2.08a9.632 9.632 0 002.08-10.48 9.61 9.61 0 00-8.88-5.93h.01z" fill="#000"/></svg> <span class="cart-icon-text" data-v-1956333b>Add to cart</span></div></div></div></div></div></div></div></div> <div class="product-card-back" data-v-4eb474b4><div class="wishlist-drop-down-wrapper" style="display:none;" data-v-f16d327c data-v-4eb474b4><div class="wishlist-drop-down-banner" data-v-344dcb9e data-v-f16d327c>
    Choose a wishlist
    <svg version="1.1" viewBox="0 0 16 21" class="icon svg-icon svg-fill" style="width:16px;height:21px;" data-v-344dcb9e><path fill="white" stroke="none" pid="0" d="M7.683 8.068a.658.658 0 00-.929-.001l-2.16 2.161-.848-.849a.657.657 0 00-.928.928L4.13 11.62a.66.66 0 00.928.001l2.625-2.625a.657.657 0 000-.928zm0 5.25a.658.658 0 00-.929-.001l-2.16 2.161-.848-.848a.657.657 0 00-.928.928l1.312 1.313a.654.654 0 00.928 0l2.625-2.625a.657.657 0 000-.928zm4.786-4.13H9.844a.656.656 0 000 1.312h2.625a.656.656 0 000-1.313zm0 5.25H9.844a.656.656 0 000 1.312h2.625a.656.656 0 000-1.313z"/><path fill="white" stroke="none" pid="1" d="M14.438 2.625h-2.626v-.656a.656.656 0 00-.656-.657H9.732A1.974 1.974 0 007.875 0C7.019 0 6.29.549 6.018 1.313H4.594a.656.656 0 00-.657.656v.656H1.313C.589 2.625 0 3.215 0 3.938v15.75C0 20.41.59 21 1.313 21h13.124c.724 0 1.313-.59 1.313-1.313V3.938c0-.723-.59-1.312-1.313-1.312zm-9.188 0h1.313a.656.656 0 00.656-.656.656.656 0 011.312 0c0 .362.294.656.656.656H10.5v1.313H5.25V2.625zm9.188 17.063H1.312V3.938h2.625v.656c0 .362.294.656.657.656h6.562a.656.656 0 00.656-.656v-.657h2.626v15.75z"/></svg> <div class="closing-icon" style="display:none;" data-v-344dcb9e><svg version="1.1" viewBox="0 0 18 18" class="remove-icon svg-icon svg-fill" style="width:10px;height:10px;" data-v-344dcb9e><path fill="#fff" stroke="none" pid="0" fill="#333" d="M17.755 1.814A.699.699 0 0018 1.273a.738.738 0 00-.245-.554.803.803 0 00-.573-.219.855.855 0 00-.587.219L9 7.905 1.39.719A.797.797 0 00.818.5a.855.855 0 00-.586.219.758.758 0 00-.232.554c0 .213.077.394.232.54L7.841 9l-7.61 7.173a.761.761 0 00-.231.554c0 .214.077.394.232.541.165.155.36.232.586.232a.78.78 0 00.573-.232L9 10.095l7.595 7.173c.165.155.36.232.587.232a.781.781 0 00.573-.232.697.697 0 00.245-.54c0-.215-.081-.4-.245-.555L10.159 9l7.596-7.186z" fill-rule="evenodd"/></svg></div></div> <div class="wishlist-item-wrapper" data-v-b9033f4a data-v-f16d327c><div class="scroll" data-v-b9033f4a><div data-v-9444bd58 data-v-b9033f4a></div> <!----></div> <div class="wishlist-dropdown-link" data-v-b9033f4a><div data-v-697dda27 data-v-b9033f4a><div class="wishlist-link" data-v-697dda27><a data-v-697dda27>Create new wishlist</a></div> <div class="wishlist-link" data-v-697dda27><a data-v-697dda27>Manage wishlists</a></div></div></div></div></div></div></div></div></div></div> <div class="swiper-pagination cms-product-cards-carousel-pagination" data-v-6dc1bbe5></div></div> <div class="swiper-navigation cms-product-cards-carousel-navigation nav-7" data-v-6dc1bbe5><div tabindex="-1" class="swiper-button-prev swiper-button"><svg version="1.1" viewBox="0 0 12 23" aria-label="Go to previous" class="svg-icon svg-fill"><path fill="#fff" stroke="none" pid="0" d="M.87 22.187a.75.75 0 01-.125-.971l.068-.088 8.549-9.522L.856 2.13a.75.75 0 01-.02-.979l.077-.08a.75.75 0 01.979-.02l.08.077 9.407 10.477-9.45 10.525a.75.75 0 01-1.059.057z" fill="#333" fill-rule="nonzero"/></svg></div> <div tabindex="-1" class="swiper-button-next swiper-button"><svg version="1.1" viewBox="0 0 12 23" aria-label="Go next" class="svg-icon svg-fill"><path fill="#fff" stroke="none" pid="0" d="M.87 22.187a.75.75 0 01-.125-.971l.068-.088 8.549-9.522L.856 2.13a.75.75 0 01-.02-.979l.077-.08a.75.75 0 01.979-.02l.08.077 9.407 10.477-9.45 10.525a.75.75 0 01-1.059.057z" fill="#333" fill-rule="nonzero"/></svg></div></div></div> <a href="/us_en/nationwide-shipping/gifts/gift-boxes" class="cms-product-cards-link" data-v-a90af9e0 data-v-a90af9e0 data-v-6dc1bbe5><span data-v-a90af9e0>SHOP GIFT BOXES</span></a></div></div><div index="8" class="prismic-dynamic-component"><div class="banner454a421c-9296-476b-8ea9-0ffff9bc0683 banner banner-content-width"><div class="banner-item banner--has-image"><a href="/us_en/nationwide-shipping/panettone-italian-desserts" data-v-a90af9e0 data-v-a90af9e0><div class="banner-inner-content" data-v-96ad7a1c><div class="banner-image" style="background-image:url(https://images.prismic.io/eataly-us/aQJTdLpReVYa3zqI_Panettone-NEW-3_2562x1050.jpg?auto=format,compress);" data-v-96ad7a1c><div class="banner-content" data-v-96ad7a1c><div class="banner-content-title" data-v-96ad7a1c data-v-96ad7a1c><h1>Pick Your Perfect<br />Panettone</h1></div> <div class="banner-content-description" data-v-96ad7a1c data-v-96ad7a1c><p>The best flavor of the season is already here. From classic with orange and fruit to new flavors like chocolate, coffee, and more, we have the perfect <em>panettone</em> and <em>pandoro</em> for your table.</p></div> <!----></div></div></div></a></div></div></div><div data-fetch-key="data-v-6dc1bbe5:1" class="prismic-dynamic-component carousel-cms-product-cards-204685-9" data-v-6dc1bbe5><div class="cms-product-cards cms-product-cards--visible" style="background-color:#fff;" data-v-6dc1bbe5><div class="cms-product-cards-title" data-v-6dc1bbe5 data-v-6dc1bbe5><h2>AUTHENTIC PANETTONE &amp; PANDORO</h2></div> <div class="cms-product-cards-description" data-v-6dc1bbe5 data-v-6dc1bbe5><p>Find your favorite flavors, from classic to inspired.</p></div> <div class="cms-product-cards-inner cards-per-view-4" data-v-6dc1bbe5><div class="swiper-container-mobile" data-v-6dc1bbe5><div class="swiper-wrapper cms-product-cards-carousel cms-product-cards-carousel--has-pagination" data-v-6dc1bbe5><div class="swiper-slide cms-product-cards-carousel-slide" data-v-6dc1bbe5><div class="product-card-container" data-v-4eb474b4 data-v-6dc1bbe5><div class="product-card-wrapper" data-v-4eb474b4><div class="product-card" data-v-4eb474b4><div data-v-4eb474b4><div class="wishlist-wrapper" data-v-2ece9c9d><div class="wishlist-banner" style="display:none;" data-v-2ece9c9d><span data-v-2ece9c9d>
            
        </span> <!----></div> <div class="wishlist-icon dense-grid-layout" style="display:none;" data-v-2ece9c9d><span style="display:none;" data-v-2ece9c9d>Add to wishlist</span> <svg version="1.1" viewBox="0 0 16 21" class="icon svg-icon svg-fill" style="width:16px;height:21px;" data-v-2ece9c9d><path fill="#737373" stroke="none" pid="0" d="M7.683 8.068a.658.658 0 00-.929-.001l-2.16 2.161-.848-.849a.657.657 0 00-.928.928L4.13 11.62a.66.66 0 00.928.001l2.625-2.625a.657.657 0 000-.928zm0 5.25a.658.658 0 00-.929-.001l-2.16 2.161-.848-.848a.657.657 0 00-.928.928l1.312 1.313a.654.654 0 00.928 0l2.625-2.625a.657.657 0 000-.928zm4.786-4.13H9.844a.656.656 0 000 1.312h2.625a.656.656 0 000-1.313zm0 5.25H9.844a.656.656 0 000 1.312h2.625a.656.656 0 000-1.313z"/><path fill="#737373" stroke="none" pid="1" d="M14.438 2.625h-2.626v-.656a.656.656 0 00-.656-.657H9.732A1.974 1.974 0 007.875 0C7.019 0 6.29.549 6.018 1.313H4.594a.656.656 0 00-.657.656v.656H1.313C.589 2.625 0 3.215 0 3.938v15.75C0 20.41.59 21 1.313 21h13.124c.724 0 1.313-.59 1.313-1.313V3.938c0-.723-.59-1.312-1.313-1.312zm-9.188 0h1.313a.656.656 0 00.656-.656.656.656 0 011.312 0c0 .362.294.656.656.656H10.5v1.313H5.25V2.625zm9.188 17.063H1.312V3.938h2.625v.656c0 .362.294.656.657.656h6.562a.656.656 0 00.656-.656v-.657h2.626v15.75z"/></svg></div></div> <!----></div> <div class="product-card-event-label-wrapper" data-v-4eb474b4><div class="event-label tiny text-only" data-v-e009e9de data-v-4eb474b4><!----> <div class="event-label-text" data-v-e009e9de><div class="event-label-text-title" data-v-e009e9de>
            Selling Fast
        </div> <!----></div></div></div> <div class="product-card-content" data-v-4eb474b4><a href="/us_en/bonifanti-chestnut-panettone-35-oz" class="product-link" data-v-4eb474b4><div class="product-card-image-name-manufacturer" data-v-4eb474b4><div class="product-card-image" data-v-4eb474b4><img width="200" height="200" alt="Marron Glaces 'Chesntut' Panettone" src="https://www.eataly.com/media/catalog/product/a/d/adobe_express_-_file_9__8.png" loading="lazy" class="product-image" data-v-4eb474b4> <div class="product-badge product-badge product-badge--discount" data-v-608c9b3f data-v-4eb474b4><span data-v-608c9b3f>Offer -20%</span></div></div> <div class="name-manufacturer" data-v-4eb474b4><div data-test-e2e="product-card-product-name" class="product-card-name" data-v-4eb474b4><span data-v-4eb474b4>
                                    Marron Glaces 'Chesntut' Panettone
                                </span></div> <div class="product-card-manufacturer" data-v-4eb474b4><!----> <span data-v-4eb474b4>
                                    Bonifanti
                                </span></div> <!----></div></div></a> <div class="product-card-price-add-info" data-v-4eb474b4><!----> <div class="add-info" data-v-4eb474b4><div class="product-card-info" data-v-4eb474b4><div class="item-info" data-v-4eb474b4><div data-v-4eb474b4>$1,00/Oz</div> <div data-v-4eb474b4>35.2 Oz</div></div> <div class="price" data-v-4eb474b4><div class="original-price" data-v-4eb474b4>
                                    $43.99
                                </div> <div class="final-price" data-v-4eb474b4>$35.19</div></div></div> <div class="product-card-add" data-v-4eb474b4><div data-test-e2e="add-to-cart-button" class="button-wrapper add-to-cart-button dense-grid-layout" data-v-1956333b data-v-4eb474b4><div data-test-e2e="add-to-cart-no-items" tabindex="0" role="button" class="button-no-items a11y-focus-standard" data-v-1956333b><!----> <div class="no-items-label dense-grid-layout" data-v-1956333b><svg version="1.1" viewBox="0 0 388 339" class="cart-icon svg-icon svg-fill" style="width:17px;height:15px;" data-v-1956333b><path fill="#fff" stroke="none" pid="0" id="Layer" fill-rule="evenodd" d="M128.11 224.12c-2.84 0-5.57 1.13-7.58 3.14a10.726 10.726 0 00-3.14 7.58c0 2.84 1.13 5.57 3.14 7.58 2.01 2.01 4.74 3.14 7.58 3.14h196.36c2.84 0 5.57 1.13 7.58 3.14 2.01 2.01 3.14 4.74 3.14 7.58s-1.13 5.57-3.14 7.58a10.726 10.726 0 01-7.58 3.14H128.11c-7.45.11-14.71-2.38-20.53-7.04a32.081 32.081 0 01-11.36-18.5 32.04 32.04 0 013-21.49c3.46-6.6 9.12-11.79 15.99-14.68-2.05-9.14-37.73-168.1-39.1-174.22H19.8c-2.84 0-5.57-1.13-7.58-3.14a10.726 10.726 0 01-3.14-7.58c0-2.84 1.13-5.57 3.14-7.58 2.01-2.01 4.74-3.14 7.58-3.14h65c1.22-.01 2.42.19 3.57.59 1.15.4 2.23.99 3.18 1.74.96.76 1.77 1.67 2.42 2.7.65 1.02 1.13 2.15 1.4 3.34l7.74 34.52h264.67a10.708 10.708 0 014.82 1.12c.75.37 1.46.83 2.1 1.36.64.53 1.22 1.13 1.73 1.79.5.66.93 1.37 1.26 2.13.34.75.59 1.55.74 2.36a10.555 10.555 0 01-.24 4.91l-43.31 150.13c-.33 1.12-.83 2.17-1.5 3.13-.66.95-1.48 1.8-2.41 2.49-.93.7-1.97 1.24-3.08 1.6-1.1.37-2.26.55-3.42.55H128.08l.03.03zm8.69-22.48h179.5L353.43 73H107.92l28.88 128.64z" fill="#000"/><path fill="#fff" stroke="none" pid="1" id="Layer" fill-rule="evenodd" d="M178.07 298.32c0 17.74-14.21 32.17-31.68 32.17s-31.68-14.43-31.68-32.17c0-17.74 14.21-32.17 31.68-32.17s31.68 14.43 31.68 32.17zm-27.98 9.94c1.18-.48 2.25-1.2 3.14-2.1.9-.89 1.62-1.96 2.1-3.14.49-1.17.74-2.43.74-3.7 0-3.92-2.36-7.44-5.98-8.94a9.66 9.66 0 00-10.54 2.1 9.66 9.66 0 00-2.1 10.54 9.672 9.672 0 008.94 5.98c1.27 0 2.53-.25 3.7-.74zM304.69 267c17.47 0 31.67 14.4 31.67 32.14 0 17.74-14.21 32.17-31.68 32.17S273 316.88 273 299.14c0-17.73 14.22-32.14 31.69-32.14zm-.3 22.71a9.7 9.7 0 00-3.68.73 9.534 9.534 0 00-3.12 2.08c-.9.89-1.6 1.95-2.09 3.12a9.7 9.7 0 00-.73 3.68 9.61 9.61 0 005.93 8.88c3.59 1.49 7.73.66 10.48-2.08a9.632 9.632 0 002.08-10.48 9.61 9.61 0 00-8.88-5.93h.01z" fill="#000"/></svg> <span class="cart-icon-text" data-v-1956333b>Add to cart</span></div></div></div></div></div></div></div></div> <div class="product-card-back" data-v-4eb474b4><div class="wishlist-drop-down-wrapper" style="display:none;" data-v-f16d327c data-v-4eb474b4><div class="wishlist-drop-down-banner" data-v-344dcb9e data-v-f16d327c>
    Choose a wishlist
    <svg version="1.1" viewBox="0 0 16 21" class="icon svg-icon svg-fill" style="width:16px;height:21px;" data-v-344dcb9e><path fill="white" stroke="none" pid="0" d="M7.683 8.068a.658.658 0 00-.929-.001l-2.16 2.161-.848-.849a.657.657 0 00-.928.928L4.13 11.62a.66.66 0 00.928.001l2.625-2.625a.657.657 0 000-.928zm0 5.25a.658.658 0 00-.929-.001l-2.16 2.161-.848-.848a.657.657 0 00-.928.928l1.312 1.313a.654.654 0 00.928 0l2.625-2.625a.657.657 0 000-.928zm4.786-4.13H9.844a.656.656 0 000 1.312h2.625a.656.656 0 000-1.313zm0 5.25H9.844a.656.656 0 000 1.312h2.625a.656.656 0 000-1.313z"/><path fill="white" stroke="none" pid="1" d="M14.438 2.625h-2.626v-.656a.656.656 0 00-.656-.657H9.732A1.974 1.974 0 007.875 0C7.019 0 6.29.549 6.018 1.313H4.594a.656.656 0 00-.657.656v.656H1.313C.589 2.625 0 3.215 0 3.938v15.75C0 20.41.59 21 1.313 21h13.124c.724 0 1.313-.59 1.313-1.313V3.938c0-.723-.59-1.312-1.313-1.312zm-9.188 0h1.313a.656.656 0 00.656-.656.656.656 0 011.312 0c0 .362.294.656.656.656H10.5v1.313H5.25V2.625zm9.188 17.063H1.312V3.938h2.625v.656c0 .362.294.656.657.656h6.562a.656.656 0 00.656-.656v-.657h2.626v15.75z"/></svg> <div class="closing-icon" style="display:none;" data-v-344dcb9e><svg version="1.1" viewBox="0 0 18 18" class="remove-icon svg-icon svg-fill" style="width:10px;height:10px;" data-v-344dcb9e><path fill="#fff" stroke="none" pid="0" fill="#333" d="M17.755 1.814A.699.699 0 0018 1.273a.738.738 0 00-.245-.554.803.803 0 00-.573-.219.855.855 0 00-.587.219L9 7.905 1.39.719A.797.797 0 00.818.5a.855.855 0 00-.586.219.758.758 0 00-.232.554c0 .213.077.394.232.54L7.841 9l-7.61 7.173a.761.761 0 00-.231.554c0 .214.077.394.232.541.165.155.36.232.586.232a.78.78 0 00.573-.232L9 10.095l7.595 7.173c.165.155.36.232.587.232a.781.781 0 00.573-.232.697.697 0 00.245-.54c0-.215-.081-.4-.245-.555L10.159 9l7.596-7.186z" fill-rule="evenodd"/></svg></div></div> <div class="wishlist-item-wrapper" data-v-b9033f4a data-v-f16d327c><div class="scroll" data-v-b9033f4a><div data-v-9444bd58 data-v-b9033f4a></div> <!----></div> <div class="wishlist-dropdown-link" data-v-b9033f4a><div data-v-697dda27 data-v-b9033f4a><div class="wishlist-link" data-v-697dda27><a data-v-697dda27>Create new wishlist</a></div> <div class="wishlist-link" data-v-697dda27><a data-v-697dda27>Manage wishlists</a></div></div></div></div></div></div></div></div></div><div class="swiper-slide cms-product-cards-carousel-slide" data-v-6dc1bbe5><div class="product-card-container" data-v-4eb474b4 data-v-6dc1bbe5><div class="product-card-wrapper" data-v-4eb474b4><div class="product-card" data-v-4eb474b4><div data-v-4eb474b4><div class="wishlist-wrapper" data-v-2ece9c9d><div class="wishlist-banner" style="display:none;" data-v-2ece9c9d><span data-v-2ece9c9d>
            
        </span> <!----></div> <div class="wishlist-icon dense-grid-layout" style="display:none;" data-v-2ece9c9d><span style="display:none;" data-v-2ece9c9d>Add to wishlist</span> <svg version="1.1" viewBox="0 0 16 21" class="icon svg-icon svg-fill" style="width:16px;height:21px;" data-v-2ece9c9d><path fill="#737373" stroke="none" pid="0" d="M7.683 8.068a.658.658 0 00-.929-.001l-2.16 2.161-.848-.849a.657.657 0 00-.928.928L4.13 11.62a.66.66 0 00.928.001l2.625-2.625a.657.657 0 000-.928zm0 5.25a.658.658 0 00-.929-.001l-2.16 2.161-.848-.848a.657.657 0 00-.928.928l1.312 1.313a.654.654 0 00.928 0l2.625-2.625a.657.657 0 000-.928zm4.786-4.13H9.844a.656.656 0 000 1.312h2.625a.656.656 0 000-1.313zm0 5.25H9.844a.656.656 0 000 1.312h2.625a.656.656 0 000-1.313z"/><path fill="#737373" stroke="none" pid="1" d="M14.438 2.625h-2.626v-.656a.656.656 0 00-.656-.657H9.732A1.974 1.974 0 007.875 0C7.019 0 6.29.549 6.018 1.313H4.594a.656.656 0 00-.657.656v.656H1.313C.589 2.625 0 3.215 0 3.938v15.75C0 20.41.59 21 1.313 21h13.124c.724 0 1.313-.59 1.313-1.313V3.938c0-.723-.59-1.312-1.313-1.312zm-9.188 0h1.313a.656.656 0 00.656-.656.656.656 0 011.312 0c0 .362.294.656.656.656H10.5v1.313H5.25V2.625zm9.188 17.063H1.312V3.938h2.625v.656c0 .362.294.656.657.656h6.562a.656.656 0 00.656-.656v-.657h2.626v15.75z"/></svg></div></div> <!----></div> <div class="product-card-event-label-wrapper" data-v-4eb474b4><!----></div> <div class="product-card-content" data-v-4eb474b4><a href="/us_en/chocolate-cappuccino-panettone" class="product-link" data-v-4eb474b4><div class="product-card-image-name-manufacturer" data-v-4eb474b4><div class="product-card-image" data-v-4eb474b4><img width="200" height="200" alt="White Chocolate &amp; Caramel Panettone" src="https://www.eataly.com/media/catalog/product/a/d/adobe_express_-_file_26__2.jpg" loading="lazy" class="product-image" data-v-4eb474b4> <div class="product-badge product-badge product-badge--discount" data-v-608c9b3f data-v-4eb474b4><span data-v-608c9b3f>Offer -20%</span></div></div> <div class="name-manufacturer" data-v-4eb474b4><div data-test-e2e="product-card-product-name" class="product-card-name" data-v-4eb474b4><span data-v-4eb474b4>
                                    White Chocolate &amp; Caramel Panettone
                                </span></div> <div class="product-card-manufacturer" data-v-4eb474b4><!----> <span data-v-4eb474b4>
                                    Bonifanti
                                </span></div> <!----></div></div></a> <div class="product-card-price-add-info" data-v-4eb474b4><!----> <div class="add-info" data-v-4eb474b4><div class="product-card-info" data-v-4eb474b4><div class="item-info" data-v-4eb474b4><div data-v-4eb474b4>$1,46/Oz</div> <div data-v-4eb474b4>26 Oz</div></div> <div class="price" data-v-4eb474b4><div class="original-price" data-v-4eb474b4>
                                    $47.49
                                </div> <div class="final-price" data-v-4eb474b4>$37.99</div></div></div> <div class="product-card-add" data-v-4eb474b4><div data-test-e2e="add-to-cart-button" class="button-wrapper add-to-cart-button dense-grid-layout" data-v-1956333b data-v-4eb474b4><div data-test-e2e="add-to-cart-no-items" tabindex="0" role="button" class="button-no-items a11y-focus-standard" data-v-1956333b><!----> <div class="no-items-label dense-grid-layout" data-v-1956333b><svg version="1.1" viewBox="0 0 388 339" class="cart-icon svg-icon svg-fill" style="width:17px;height:15px;" data-v-1956333b><path fill="#fff" stroke="none" pid="0" id="Layer" fill-rule="evenodd" d="M128.11 224.12c-2.84 0-5.57 1.13-7.58 3.14a10.726 10.726 0 00-3.14 7.58c0 2.84 1.13 5.57 3.14 7.58 2.01 2.01 4.74 3.14 7.58 3.14h196.36c2.84 0 5.57 1.13 7.58 3.14 2.01 2.01 3.14 4.74 3.14 7.58s-1.13 5.57-3.14 7.58a10.726 10.726 0 01-7.58 3.14H128.11c-7.45.11-14.71-2.38-20.53-7.04a32.081 32.081 0 01-11.36-18.5 32.04 32.04 0 013-21.49c3.46-6.6 9.12-11.79 15.99-14.68-2.05-9.14-37.73-168.1-39.1-174.22H19.8c-2.84 0-5.57-1.13-7.58-3.14a10.726 10.726 0 01-3.14-7.58c0-2.84 1.13-5.57 3.14-7.58 2.01-2.01 4.74-3.14 7.58-3.14h65c1.22-.01 2.42.19 3.57.59 1.15.4 2.23.99 3.18 1.74.96.76 1.77 1.67 2.42 2.7.65 1.02 1.13 2.15 1.4 3.34l7.74 34.52h264.67a10.708 10.708 0 014.82 1.12c.75.37 1.46.83 2.1 1.36.64.53 1.22 1.13 1.73 1.79.5.66.93 1.37 1.26 2.13.34.75.59 1.55.74 2.36a10.555 10.555 0 01-.24 4.91l-43.31 150.13c-.33 1.12-.83 2.17-1.5 3.13-.66.95-1.48 1.8-2.41 2.49-.93.7-1.97 1.24-3.08 1.6-1.1.37-2.26.55-3.42.55H128.08l.03.03zm8.69-22.48h179.5L353.43 73H107.92l28.88 128.64z" fill="#000"/><path fill="#fff" stroke="none" pid="1" id="Layer" fill-rule="evenodd" d="M178.07 298.32c0 17.74-14.21 32.17-31.68 32.17s-31.68-14.43-31.68-32.17c0-17.74 14.21-32.17 31.68-32.17s31.68 14.43 31.68 32.17zm-27.98 9.94c1.18-.48 2.25-1.2 3.14-2.1.9-.89 1.62-1.96 2.1-3.14.49-1.17.74-2.43.74-3.7 0-3.92-2.36-7.44-5.98-8.94a9.66 9.66 0 00-10.54 2.1 9.66 9.66 0 00-2.1 10.54 9.672 9.672 0 008.94 5.98c1.27 0 2.53-.25 3.7-.74zM304.69 267c17.47 0 31.67 14.4 31.67 32.14 0 17.74-14.21 32.17-31.68 32.17S273 316.88 273 299.14c0-17.73 14.22-32.14 31.69-32.14zm-.3 22.71a9.7 9.7 0 00-3.68.73 9.534 9.534 0 00-3.12 2.08c-.9.89-1.6 1.95-2.09 3.12a9.7 9.7 0 00-.73 3.68 9.61 9.61 0 005.93 8.88c3.59 1.49 7.73.66 10.48-2.08a9.632 9.632 0 002.08-10.48 9.61 9.61 0 00-8.88-5.93h.01z" fill="#000"/></svg> <span class="cart-icon-text" data-v-1956333b>Add to cart</span></div></div></div></div></div></div></div></div> <div class="product-card-back" data-v-4eb474b4><div class="wishlist-drop-down-wrapper" style="display:none;" data-v-f16d327c data-v-4eb474b4><div class="wishlist-drop-down-banner" data-v-344dcb9e data-v-f16d327c>
    Choose a wishlist
    <svg version="1.1" viewBox="0 0 16 21" class="icon svg-icon svg-fill" style="width:16px;height:21px;" data-v-344dcb9e><path fill="white" stroke="none" pid="0" d="M7.683 8.068a.658.658 0 00-.929-.001l-2.16 2.161-.848-.849a.657.657 0 00-.928.928L4.13 11.62a.66.66 0 00.928.001l2.625-2.625a.657.657 0 000-.928zm0 5.25a.658.658 0 00-.929-.001l-2.16 2.161-.848-.848a.657.657 0 00-.928.928l1.312 1.313a.654.654 0 00.928 0l2.625-2.625a.657.657 0 000-.928zm4.786-4.13H9.844a.656.656 0 000 1.312h2.625a.656.656 0 000-1.313zm0 5.25H9.844a.656.656 0 000 1.312h2.625a.656.656 0 000-1.313z"/><path fill="white" stroke="none" pid="1" d="M14.438 2.625h-2.626v-.656a.656.656 0 00-.656-.657H9.732A1.974 1.974 0 007.875 0C7.019 0 6.29.549 6.018 1.313H4.594a.656.656 0 00-.657.656v.656H1.313C.589 2.625 0 3.215 0 3.938v15.75C0 20.41.59 21 1.313 21h13.124c.724 0 1.313-.59 1.313-1.313V3.938c0-.723-.59-1.312-1.313-1.312zm-9.188 0h1.313a.656.656 0 00.656-.656.656.656 0 011.312 0c0 .362.294.656.656.656H10.5v1.313H5.25V2.625zm9.188 17.063H1.312V3.938h2.625v.656c0 .362.294.656.657.656h6.562a.656.656 0 00.656-.656v-.657h2.626v15.75z"/></svg> <div class="closing-icon" style="display:none;" data-v-344dcb9e><svg version="1.1" viewBox="0 0 18 18" class="remove-icon svg-icon svg-fill" style="width:10px;height:10px;" data-v-344dcb9e><path fill="#fff" stroke="none" pid="0" fill="#333" d="M17.755 1.814A.699.699 0 0018 1.273a.738.738 0 00-.245-.554.803.803 0 00-.573-.219.855.855 0 00-.587.219L9 7.905 1.39.719A.797.797 0 00.818.5a.855.855 0 00-.586.219.758.758 0 00-.232.554c0 .213.077.394.232.54L7.841 9l-7.61 7.173a.761.761 0 00-.231.554c0 .214.077.394.232.541.165.155.36.232.586.232a.78.78 0 00.573-.232L9 10.095l7.595 7.173c.165.155.36.232.587.232a.781.781 0 00.573-.232.697.697 0 00.245-.54c0-.215-.081-.4-.245-.555L10.159 9l7.596-7.186z" fill-rule="evenodd"/></svg></div></div> <div class="wishlist-item-wrapper" data-v-b9033f4a data-v-f16d327c><div class="scroll" data-v-b9033f4a><div data-v-9444bd58 data-v-b9033f4a></div> <!----></div> <div class="wishlist-dropdown-link" data-v-b9033f4a><div data-v-697dda27 data-v-b9033f4a><div class="wishlist-link" data-v-697dda27><a data-v-697dda27>Create new wishlist</a></div> <div class="wishlist-link" data-v-697dda27><a data-v-697dda27>Manage wishlists</a></div></div></div></div></div></div></div></div></div><div class="swiper-slide cms-product-cards-carousel-slide" data-v-6dc1bbe5><div class="product-card-container" data-v-4eb474b4 data-v-6dc1bbe5><div class="product-card-wrapper" data-v-4eb474b4><div class="product-card" data-v-4eb474b4><div data-v-4eb474b4><div class="wishlist-wrapper" data-v-2ece9c9d><div class="wishlist-banner" style="display:none;" data-v-2ece9c9d><span data-v-2ece9c9d>
            
        </span> <!----></div> <div class="wishlist-icon dense-grid-layout" style="display:none;" data-v-2ece9c9d><span style="display:none;" data-v-2ece9c9d>Add to wishlist</span> <svg version="1.1" viewBox="0 0 16 21" class="icon svg-icon svg-fill" style="width:16px;height:21px;" data-v-2ece9c9d><path fill="#737373" stroke="none" pid="0" d="M7.683 8.068a.658.658 0 00-.929-.001l-2.16 2.161-.848-.849a.657.657 0 00-.928.928L4.13 11.62a.66.66 0 00.928.001l2.625-2.625a.657.657 0 000-.928zm0 5.25a.658.658 0 00-.929-.001l-2.16 2.161-.848-.848a.657.657 0 00-.928.928l1.312 1.313a.654.654 0 00.928 0l2.625-2.625a.657.657 0 000-.928zm4.786-4.13H9.844a.656.656 0 000 1.312h2.625a.656.656 0 000-1.313zm0 5.25H9.844a.656.656 0 000 1.312h2.625a.656.656 0 000-1.313z"/><path fill="#737373" stroke="none" pid="1" d="M14.438 2.625h-2.626v-.656a.656.656 0 00-.656-.657H9.732A1.974 1.974 0 007.875 0C7.019 0 6.29.549 6.018 1.313H4.594a.656.656 0 00-.657.656v.656H1.313C.589 2.625 0 3.215 0 3.938v15.75C0 20.41.59 21 1.313 21h13.124c.724 0 1.313-.59 1.313-1.313V3.938c0-.723-.59-1.312-1.313-1.312zm-9.188 0h1.313a.656.656 0 00.656-.656.656.656 0 011.312 0c0 .362.294.656.656.656H10.5v1.313H5.25V2.625zm9.188 17.063H1.312V3.938h2.625v.656c0 .362.294.656.657.656h6.562a.656.656 0 00.656-.656v-.657h2.626v15.75z"/></svg></div></div> <!----></div> <div class="product-card-event-label-wrapper" data-v-4eb474b4><!----></div> <div class="product-card-content" data-v-4eb474b4><a href="/us_en/vergani-vegan-chocolate-panettone-26-4-oz" class="product-link" data-v-4eb474b4><div class="product-card-image-name-manufacturer" data-v-4eb474b4><div class="product-card-image" data-v-4eb474b4><img width="200" height="200" alt="Vegan Chocolate Panettone" src="https://www.eataly.com/media/catalog/product/v/e/vergani-vegan-chocolate-panettone-26-4-oz_thumbnail.jpg" loading="lazy" class="product-image" data-v-4eb474b4> <div class="product-badge product-badge product-badge--discount" data-v-608c9b3f data-v-4eb474b4><span data-v-608c9b3f>Offer -20%</span></div></div> <div class="name-manufacturer" data-v-4eb474b4><div data-test-e2e="product-card-product-name" class="product-card-name" data-v-4eb474b4><span data-v-4eb474b4>
                                    Vegan Chocolate Panettone
                                </span></div> <div class="product-card-manufacturer" data-v-4eb474b4><!----> <span data-v-4eb474b4>
                                    Vergani
                                </span></div> <!----></div></div></a> <div class="product-card-price-add-info" data-v-4eb474b4><!----> <div class="add-info" data-v-4eb474b4><div class="product-card-info" data-v-4eb474b4><div class="item-info" data-v-4eb474b4><div data-v-4eb474b4>$1,33/Oz</div> <div data-v-4eb474b4>26.4 Oz</div></div> <div class="price" data-v-4eb474b4><div class="original-price" data-v-4eb474b4>
                                    $43.99
                                </div> <div class="final-price" data-v-4eb474b4>$35.19</div></div></div> <div class="product-card-add" data-v-4eb474b4><div data-test-e2e="add-to-cart-button" class="button-wrapper add-to-cart-button dense-grid-layout" data-v-1956333b data-v-4eb474b4><div data-test-e2e="add-to-cart-no-items" tabindex="0" role="button" class="button-no-items a11y-focus-standard" data-v-1956333b><!----> <div class="no-items-label dense-grid-layout" data-v-1956333b><svg version="1.1" viewBox="0 0 388 339" class="cart-icon svg-icon svg-fill" style="width:17px;height:15px;" data-v-1956333b><path fill="#fff" stroke="none" pid="0" id="Layer" fill-rule="evenodd" d="M128.11 224.12c-2.84 0-5.57 1.13-7.58 3.14a10.726 10.726 0 00-3.14 7.58c0 2.84 1.13 5.57 3.14 7.58 2.01 2.01 4.74 3.14 7.58 3.14h196.36c2.84 0 5.57 1.13 7.58 3.14 2.01 2.01 3.14 4.74 3.14 7.58s-1.13 5.57-3.14 7.58a10.726 10.726 0 01-7.58 3.14H128.11c-7.45.11-14.71-2.38-20.53-7.04a32.081 32.081 0 01-11.36-18.5 32.04 32.04 0 013-21.49c3.46-6.6 9.12-11.79 15.99-14.68-2.05-9.14-37.73-168.1-39.1-174.22H19.8c-2.84 0-5.57-1.13-7.58-3.14a10.726 10.726 0 01-3.14-7.58c0-2.84 1.13-5.57 3.14-7.58 2.01-2.01 4.74-3.14 7.58-3.14h65c1.22-.01 2.42.19 3.57.59 1.15.4 2.23.99 3.18 1.74.96.76 1.77 1.67 2.42 2.7.65 1.02 1.13 2.15 1.4 3.34l7.74 34.52h264.67a10.708 10.708 0 014.82 1.12c.75.37 1.46.83 2.1 1.36.64.53 1.22 1.13 1.73 1.79.5.66.93 1.37 1.26 2.13.34.75.59 1.55.74 2.36a10.555 10.555 0 01-.24 4.91l-43.31 150.13c-.33 1.12-.83 2.17-1.5 3.13-.66.95-1.48 1.8-2.41 2.49-.93.7-1.97 1.24-3.08 1.6-1.1.37-2.26.55-3.42.55H128.08l.03.03zm8.69-22.48h179.5L353.43 73H107.92l28.88 128.64z" fill="#000"/><path fill="#fff" stroke="none" pid="1" id="Layer" fill-rule="evenodd" d="M178.07 298.32c0 17.74-14.21 32.17-31.68 32.17s-31.68-14.43-31.68-32.17c0-17.74 14.21-32.17 31.68-32.17s31.68 14.43 31.68 32.17zm-27.98 9.94c1.18-.48 2.25-1.2 3.14-2.1.9-.89 1.62-1.96 2.1-3.14.49-1.17.74-2.43.74-3.7 0-3.92-2.36-7.44-5.98-8.94a9.66 9.66 0 00-10.54 2.1 9.66 9.66 0 00-2.1 10.54 9.672 9.672 0 008.94 5.98c1.27 0 2.53-.25 3.7-.74zM304.69 267c17.47 0 31.67 14.4 31.67 32.14 0 17.74-14.21 32.17-31.68 32.17S273 316.88 273 299.14c0-17.73 14.22-32.14 31.69-32.14zm-.3 22.71a9.7 9.7 0 00-3.68.73 9.534 9.534 0 00-3.12 2.08c-.9.89-1.6 1.95-2.09 3.12a9.7 9.7 0 00-.73 3.68 9.61 9.61 0 005.93 8.88c3.59 1.49 7.73.66 10.48-2.08a9.632 9.632 0 002.08-10.48 9.61 9.61 0 00-8.88-5.93h.01z" fill="#000"/></svg> <span class="cart-icon-text" data-v-1956333b>Add to cart</span></div></div></div></div></div></div></div></div> <div class="product-card-back" data-v-4eb474b4><div class="wishlist-drop-down-wrapper" style="display:none;" data-v-f16d327c data-v-4eb474b4><div class="wishlist-drop-down-banner" data-v-344dcb9e data-v-f16d327c>
    Choose a wishlist
    <svg version="1.1" viewBox="0 0 16 21" class="icon svg-icon svg-fill" style="width:16px;height:21px;" data-v-344dcb9e><path fill="white" stroke="none" pid="0" d="M7.683 8.068a.658.658 0 00-.929-.001l-2.16 2.161-.848-.849a.657.657 0 00-.928.928L4.13 11.62a.66.66 0 00.928.001l2.625-2.625a.657.657 0 000-.928zm0 5.25a.658.658 0 00-.929-.001l-2.16 2.161-.848-.848a.657.657 0 00-.928.928l1.312 1.313a.654.654 0 00.928 0l2.625-2.625a.657.657 0 000-.928zm4.786-4.13H9.844a.656.656 0 000 1.312h2.625a.656.656 0 000-1.313zm0 5.25H9.844a.656.656 0 000 1.312h2.625a.656.656 0 000-1.313z"/><path fill="white" stroke="none" pid="1" d="M14.438 2.625h-2.626v-.656a.656.656 0 00-.656-.657H9.732A1.974 1.974 0 007.875 0C7.019 0 6.29.549 6.018 1.313H4.594a.656.656 0 00-.657.656v.656H1.313C.589 2.625 0 3.215 0 3.938v15.75C0 20.41.59 21 1.313 21h13.124c.724 0 1.313-.59 1.313-1.313V3.938c0-.723-.59-1.312-1.313-1.312zm-9.188 0h1.313a.656.656 0 00.656-.656.656.656 0 011.312 0c0 .362.294.656.656.656H10.5v1.313H5.25V2.625zm9.188 17.063H1.312V3.938h2.625v.656c0 .362.294.656.657.656h6.562a.656.656 0 00.656-.656v-.657h2.626v15.75z"/></svg> <div class="closing-icon" style="display:none;" data-v-344dcb9e><svg version="1.1" viewBox="0 0 18 18" class="remove-icon svg-icon svg-fill" style="width:10px;height:10px;" data-v-344dcb9e><path fill="#fff" stroke="none" pid="0" fill="#333" d="M17.755 1.814A.699.699 0 0018 1.273a.738.738 0 00-.245-.554.803.803 0 00-.573-.219.855.855 0 00-.587.219L9 7.905 1.39.719A.797.797 0 00.818.5a.855.855 0 00-.586.219.758.758 0 00-.232.554c0 .213.077.394.232.54L7.841 9l-7.61 7.173a.761.761 0 00-.231.554c0 .214.077.394.232.541.165.155.36.232.586.232a.78.78 0 00.573-.232L9 10.095l7.595 7.173c.165.155.36.232.587.232a.781.781 0 00.573-.232.697.697 0 00.245-.54c0-.215-.081-.4-.245-.555L10.159 9l7.596-7.186z" fill-rule="evenodd"/></svg></div></div> <div class="wishlist-item-wrapper" data-v-b9033f4a data-v-f16d327c><div class="scroll" data-v-b9033f4a><div data-v-9444bd58 data-v-b9033f4a></div> <!----></div> <div class="wishlist-dropdown-link" data-v-b9033f4a><div data-v-697dda27 data-v-b9033f4a><div class="wishlist-link" data-v-697dda27><a data-v-697dda27>Create new wishlist</a></div> <div class="wishlist-link" data-v-697dda27><a data-v-697dda27>Manage wishlists</a></div></div></div></div></div></div></div></div></div><div class="swiper-slide cms-product-cards-carousel-slide" data-v-6dc1bbe5><div class="product-card-container" data-v-4eb474b4 data-v-6dc1bbe5><div class="product-card-wrapper" data-v-4eb474b4><div class="product-card" data-v-4eb474b4><div data-v-4eb474b4><div class="wishlist-wrapper" data-v-2ece9c9d><div class="wishlist-banner" style="display:none;" data-v-2ece9c9d><span data-v-2ece9c9d>
            
        </span> <!----></div> <div class="wishlist-icon dense-grid-layout" style="display:none;" data-v-2ece9c9d><span style="display:none;" data-v-2ece9c9d>Add to wishlist</span> <svg version="1.1" viewBox="0 0 16 21" class="icon svg-icon svg-fill" style="width:16px;height:21px;" data-v-2ece9c9d><path fill="#737373" stroke="none" pid="0" d="M7.683 8.068a.658.658 0 00-.929-.001l-2.16 2.161-.848-.849a.657.657 0 00-.928.928L4.13 11.62a.66.66 0 00.928.001l2.625-2.625a.657.657 0 000-.928zm0 5.25a.658.658 0 00-.929-.001l-2.16 2.161-.848-.848a.657.657 0 00-.928.928l1.312 1.313a.654.654 0 00.928 0l2.625-2.625a.657.657 0 000-.928zm4.786-4.13H9.844a.656.656 0 000 1.312h2.625a.656.656 0 000-1.313zm0 5.25H9.844a.656.656 0 000 1.312h2.625a.656.656 0 000-1.313z"/><path fill="#737373" stroke="none" pid="1" d="M14.438 2.625h-2.626v-.656a.656.656 0 00-.656-.657H9.732A1.974 1.974 0 007.875 0C7.019 0 6.29.549 6.018 1.313H4.594a.656.656 0 00-.657.656v.656H1.313C.589 2.625 0 3.215 0 3.938v15.75C0 20.41.59 21 1.313 21h13.124c.724 0 1.313-.59 1.313-1.313V3.938c0-.723-.59-1.312-1.313-1.312zm-9.188 0h1.313a.656.656 0 00.656-.656.656.656 0 011.312 0c0 .362.294.656.656.656H10.5v1.313H5.25V2.625zm9.188 17.063H1.312V3.938h2.625v.656c0 .362.294.656.657.656h6.562a.656.656 0 00.656-.656v-.657h2.626v15.75z"/></svg></div></div> <!----></div> <div class="product-card-event-label-wrapper" data-v-4eb474b4><!----></div> <div class="product-card-content" data-v-4eb474b4><a href="/us_en/amarena-cream-chocolate-panettone" class="product-link" data-v-4eb474b4><div class="product-card-image-name-manufacturer" data-v-4eb474b4><div class="product-card-image" data-v-4eb474b4><img width="200" height="200" alt="Amarena Cream &amp; Chocolate Panettone" src="https://www.eataly.com/media/catalog/product/a/d/adobe_express_-_file_9__4.jpg" loading="lazy" class="product-image" data-v-4eb474b4> <div class="product-badge product-badge product-badge--discount" data-v-608c9b3f data-v-4eb474b4><span data-v-608c9b3f>Offer -20%</span></div></div> <div class="name-manufacturer" data-v-4eb474b4><div data-test-e2e="product-card-product-name" class="product-card-name" data-v-4eb474b4><span data-v-4eb474b4>
                                    Amarena Cream &amp; Chocolate Panettone
                                </span></div> <div class="product-card-manufacturer" data-v-4eb474b4><!----> <span data-v-4eb474b4>
                                    Tommaso Muzzi
                                </span></div> <!----></div></div></a> <div class="product-card-price-add-info" data-v-4eb474b4><!----> <div class="add-info" data-v-4eb474b4><div class="product-card-info" data-v-4eb474b4><div class="item-info" data-v-4eb474b4><div data-v-4eb474b4>$1,09/Oz</div> <div data-v-4eb474b4>18 Oz</div></div> <div class="price" data-v-4eb474b4><div class="original-price" data-v-4eb474b4>
                                    $24.49
                                </div> <div class="final-price" data-v-4eb474b4>$19.59</div></div></div> <div class="product-card-add" data-v-4eb474b4><div data-test-e2e="add-to-cart-button" class="button-wrapper add-to-cart-button dense-grid-layout" data-v-1956333b data-v-4eb474b4><div data-test-e2e="add-to-cart-no-items" tabindex="0" role="button" class="button-no-items a11y-focus-standard" data-v-1956333b><!----> <div class="no-items-label dense-grid-layout" data-v-1956333b><svg version="1.1" viewBox="0 0 388 339" class="cart-icon svg-icon svg-fill" style="width:17px;height:15px;" data-v-1956333b><path fill="#fff" stroke="none" pid="0" id="Layer" fill-rule="evenodd" d="M128.11 224.12c-2.84 0-5.57 1.13-7.58 3.14a10.726 10.726 0 00-3.14 7.58c0 2.84 1.13 5.57 3.14 7.58 2.01 2.01 4.74 3.14 7.58 3.14h196.36c2.84 0 5.57 1.13 7.58 3.14 2.01 2.01 3.14 4.74 3.14 7.58s-1.13 5.57-3.14 7.58a10.726 10.726 0 01-7.58 3.14H128.11c-7.45.11-14.71-2.38-20.53-7.04a32.081 32.081 0 01-11.36-18.5 32.04 32.04 0 013-21.49c3.46-6.6 9.12-11.79 15.99-14.68-2.05-9.14-37.73-168.1-39.1-174.22H19.8c-2.84 0-5.57-1.13-7.58-3.14a10.726 10.726 0 01-3.14-7.58c0-2.84 1.13-5.57 3.14-7.58 2.01-2.01 4.74-3.14 7.58-3.14h65c1.22-.01 2.42.19 3.57.59 1.15.4 2.23.99 3.18 1.74.96.76 1.77 1.67 2.42 2.7.65 1.02 1.13 2.15 1.4 3.34l7.74 34.52h264.67a10.708 10.708 0 014.82 1.12c.75.37 1.46.83 2.1 1.36.64.53 1.22 1.13 1.73 1.79.5.66.93 1.37 1.26 2.13.34.75.59 1.55.74 2.36a10.555 10.555 0 01-.24 4.91l-43.31 150.13c-.33 1.12-.83 2.17-1.5 3.13-.66.95-1.48 1.8-2.41 2.49-.93.7-1.97 1.24-3.08 1.6-1.1.37-2.26.55-3.42.55H128.08l.03.03zm8.69-22.48h179.5L353.43 73H107.92l28.88 128.64z" fill="#000"/><path fill="#fff" stroke="none" pid="1" id="Layer" fill-rule="evenodd" d="M178.07 298.32c0 17.74-14.21 32.17-31.68 32.17s-31.68-14.43-31.68-32.17c0-17.74 14.21-32.17 31.68-32.17s31.68 14.43 31.68 32.17zm-27.98 9.94c1.18-.48 2.25-1.2 3.14-2.1.9-.89 1.62-1.96 2.1-3.14.49-1.17.74-2.43.74-3.7 0-3.92-2.36-7.44-5.98-8.94a9.66 9.66 0 00-10.54 2.1 9.66 9.66 0 00-2.1 10.54 9.672 9.672 0 008.94 5.98c1.27 0 2.53-.25 3.7-.74zM304.69 267c17.47 0 31.67 14.4 31.67 32.14 0 17.74-14.21 32.17-31.68 32.17S273 316.88 273 299.14c0-17.73 14.22-32.14 31.69-32.14zm-.3 22.71a9.7 9.7 0 00-3.68.73 9.534 9.534 0 00-3.12 2.08c-.9.89-1.6 1.95-2.09 3.12a9.7 9.7 0 00-.73 3.68 9.61 9.61 0 005.93 8.88c3.59 1.49 7.73.66 10.48-2.08a9.632 9.632 0 002.08-10.48 9.61 9.61 0 00-8.88-5.93h.01z" fill="#000"/></svg> <span class="cart-icon-text" data-v-1956333b>Add to cart</span></div></div></div></div></div></div></div></div> <div class="product-card-back" data-v-4eb474b4><div class="wishlist-drop-down-wrapper" style="display:none;" data-v-f16d327c data-v-4eb474b4><div class="wishlist-drop-down-banner" data-v-344dcb9e data-v-f16d327c>
    Choose a wishlist
    <svg version="1.1" viewBox="0 0 16 21" class="icon svg-icon svg-fill" style="width:16px;height:21px;" data-v-344dcb9e><path fill="white" stroke="none" pid="0" d="M7.683 8.068a.658.658 0 00-.929-.001l-2.16 2.161-.848-.849a.657.657 0 00-.928.928L4.13 11.62a.66.66 0 00.928.001l2.625-2.625a.657.657 0 000-.928zm0 5.25a.658.658 0 00-.929-.001l-2.16 2.161-.848-.848a.657.657 0 00-.928.928l1.312 1.313a.654.654 0 00.928 0l2.625-2.625a.657.657 0 000-.928zm4.786-4.13H9.844a.656.656 0 000 1.312h2.625a.656.656 0 000-1.313zm0 5.25H9.844a.656.656 0 000 1.312h2.625a.656.656 0 000-1.313z"/><path fill="white" stroke="none" pid="1" d="M14.438 2.625h-2.626v-.656a.656.656 0 00-.656-.657H9.732A1.974 1.974 0 007.875 0C7.019 0 6.29.549 6.018 1.313H4.594a.656.656 0 00-.657.656v.656H1.313C.589 2.625 0 3.215 0 3.938v15.75C0 20.41.59 21 1.313 21h13.124c.724 0 1.313-.59 1.313-1.313V3.938c0-.723-.59-1.312-1.313-1.312zm-9.188 0h1.313a.656.656 0 00.656-.656.656.656 0 011.312 0c0 .362.294.656.656.656H10.5v1.313H5.25V2.625zm9.188 17.063H1.312V3.938h2.625v.656c0 .362.294.656.657.656h6.562a.656.656 0 00.656-.656v-.657h2.626v15.75z"/></svg> <div class="closing-icon" style="display:none;" data-v-344dcb9e><svg version="1.1" viewBox="0 0 18 18" class="remove-icon svg-icon svg-fill" style="width:10px;height:10px;" data-v-344dcb9e><path fill="#fff" stroke="none" pid="0" fill="#333" d="M17.755 1.814A.699.699 0 0018 1.273a.738.738 0 00-.245-.554.803.803 0 00-.573-.219.855.855 0 00-.587.219L9 7.905 1.39.719A.797.797 0 00.818.5a.855.855 0 00-.586.219.758.758 0 00-.232.554c0 .213.077.394.232.54L7.841 9l-7.61 7.173a.761.761 0 00-.231.554c0 .214.077.394.232.541.165.155.36.232.586.232a.78.78 0 00.573-.232L9 10.095l7.595 7.173c.165.155.36.232.587.232a.781.781 0 00.573-.232.697.697 0 00.245-.54c0-.215-.081-.4-.245-.555L10.159 9l7.596-7.186z" fill-rule="evenodd"/></svg></div></div> <div class="wishlist-item-wrapper" data-v-b9033f4a data-v-f16d327c><div class="scroll" data-v-b9033f4a><div data-v-9444bd58 data-v-b9033f4a></div> <!----></div> <div class="wishlist-dropdown-link" data-v-b9033f4a><div data-v-697dda27 data-v-b9033f4a><div class="wishlist-link" data-v-697dda27><a data-v-697dda27>Create new wishlist</a></div> <div class="wishlist-link" data-v-697dda27><a data-v-697dda27>Manage wishlists</a></div></div></div></div></div></div></div></div></div><div class="swiper-slide cms-product-cards-carousel-slide" data-v-6dc1bbe5><div class="product-card-container" data-v-4eb474b4 data-v-6dc1bbe5><div class="product-card-wrapper" data-v-4eb474b4><div class="product-card" data-v-4eb474b4><div data-v-4eb474b4><div class="wishlist-wrapper" data-v-2ece9c9d><div class="wishlist-banner" style="display:none;" data-v-2ece9c9d><span data-v-2ece9c9d>
            
        </span> <!----></div> <div class="wishlist-icon dense-grid-layout" style="display:none;" data-v-2ece9c9d><span style="display:none;" data-v-2ece9c9d>Add to wishlist</span> <svg version="1.1" viewBox="0 0 16 21" class="icon svg-icon svg-fill" style="width:16px;height:21px;" data-v-2ece9c9d><path fill="#737373" stroke="none" pid="0" d="M7.683 8.068a.658.658 0 00-.929-.001l-2.16 2.161-.848-.849a.657.657 0 00-.928.928L4.13 11.62a.66.66 0 00.928.001l2.625-2.625a.657.657 0 000-.928zm0 5.25a.658.658 0 00-.929-.001l-2.16 2.161-.848-.848a.657.657 0 00-.928.928l1.312 1.313a.654.654 0 00.928 0l2.625-2.625a.657.657 0 000-.928zm4.786-4.13H9.844a.656.656 0 000 1.312h2.625a.656.656 0 000-1.313zm0 5.25H9.844a.656.656 0 000 1.312h2.625a.656.656 0 000-1.313z"/><path fill="#737373" stroke="none" pid="1" d="M14.438 2.625h-2.626v-.656a.656.656 0 00-.656-.657H9.732A1.974 1.974 0 007.875 0C7.019 0 6.29.549 6.018 1.313H4.594a.656.656 0 00-.657.656v.656H1.313C.589 2.625 0 3.215 0 3.938v15.75C0 20.41.59 21 1.313 21h13.124c.724 0 1.313-.59 1.313-1.313V3.938c0-.723-.59-1.312-1.313-1.312zm-9.188 0h1.313a.656.656 0 00.656-.656.656.656 0 011.312 0c0 .362.294.656.656.656H10.5v1.313H5.25V2.625zm9.188 17.063H1.312V3.938h2.625v.656c0 .362.294.656.657.656h6.562a.656.656 0 00.656-.656v-.657h2.626v15.75z"/></svg></div></div> <!----></div> <div class="product-card-event-label-wrapper" data-v-4eb474b4><!----></div> <div class="product-card-content" data-v-4eb474b4><a href="/us_en/eataly-classicpandoro-35-2-oz" class="product-link" data-v-4eb474b4><div class="product-card-image-name-manufacturer" data-v-4eb474b4><div class="product-card-image" data-v-4eb474b4><img width="200" height="200" alt="Classic Pandoro" src="https://www.eataly.com/media/catalog/product/a/d/adobe_express_-_file_13__2.jpg" loading="lazy" class="product-image" data-v-4eb474b4> <div class="product-badge product-badge product-badge--discount" data-v-608c9b3f data-v-4eb474b4><span data-v-608c9b3f>Offer -20%</span></div></div> <div class="name-manufacturer" data-v-4eb474b4><div data-test-e2e="product-card-product-name" class="product-card-name" data-v-4eb474b4><span data-v-4eb474b4>
                                    Classic Pandoro
                                </span></div> <div class="product-card-manufacturer" data-v-4eb474b4><!----> <span data-v-4eb474b4>
                                    Eataly
                                </span></div> <!----></div></div></a> <div class="product-card-price-add-info" data-v-4eb474b4><!----> <div class="add-info" data-v-4eb474b4><div class="product-card-info" data-v-4eb474b4><div class="item-info" data-v-4eb474b4><div data-v-4eb474b4>$1,02/Oz</div> <div data-v-4eb474b4>35.2 Oz</div></div> <div class="price" data-v-4eb474b4><div class="original-price" data-v-4eb474b4>
                                    $44.99
                                </div> <div class="final-price" data-v-4eb474b4>$35.99</div></div></div> <div class="product-card-add" data-v-4eb474b4><div data-test-e2e="add-to-cart-button" class="button-wrapper add-to-cart-button dense-grid-layout" data-v-1956333b data-v-4eb474b4><div data-test-e2e="add-to-cart-no-items" tabindex="0" role="button" class="button-no-items a11y-focus-standard" data-v-1956333b><!----> <div class="no-items-label dense-grid-layout" data-v-1956333b><svg version="1.1" viewBox="0 0 388 339" class="cart-icon svg-icon svg-fill" style="width:17px;height:15px;" data-v-1956333b><path fill="#fff" stroke="none" pid="0" id="Layer" fill-rule="evenodd" d="M128.11 224.12c-2.84 0-5.57 1.13-7.58 3.14a10.726 10.726 0 00-3.14 7.58c0 2.84 1.13 5.57 3.14 7.58 2.01 2.01 4.74 3.14 7.58 3.14h196.36c2.84 0 5.57 1.13 7.58 3.14 2.01 2.01 3.14 4.74 3.14 7.58s-1.13 5.57-3.14 7.58a10.726 10.726 0 01-7.58 3.14H128.11c-7.45.11-14.71-2.38-20.53-7.04a32.081 32.081 0 01-11.36-18.5 32.04 32.04 0 013-21.49c3.46-6.6 9.12-11.79 15.99-14.68-2.05-9.14-37.73-168.1-39.1-174.22H19.8c-2.84 0-5.57-1.13-7.58-3.14a10.726 10.726 0 01-3.14-7.58c0-2.84 1.13-5.57 3.14-7.58 2.01-2.01 4.74-3.14 7.58-3.14h65c1.22-.01 2.42.19 3.57.59 1.15.4 2.23.99 3.18 1.74.96.76 1.77 1.67 2.42 2.7.65 1.02 1.13 2.15 1.4 3.34l7.74 34.52h264.67a10.708 10.708 0 014.82 1.12c.75.37 1.46.83 2.1 1.36.64.53 1.22 1.13 1.73 1.79.5.66.93 1.37 1.26 2.13.34.75.59 1.55.74 2.36a10.555 10.555 0 01-.24 4.91l-43.31 150.13c-.33 1.12-.83 2.17-1.5 3.13-.66.95-1.48 1.8-2.41 2.49-.93.7-1.97 1.24-3.08 1.6-1.1.37-2.26.55-3.42.55H128.08l.03.03zm8.69-22.48h179.5L353.43 73H107.92l28.88 128.64z" fill="#000"/><path fill="#fff" stroke="none" pid="1" id="Layer" fill-rule="evenodd" d="M178.07 298.32c0 17.74-14.21 32.17-31.68 32.17s-31.68-14.43-31.68-32.17c0-17.74 14.21-32.17 31.68-32.17s31.68 14.43 31.68 32.17zm-27.98 9.94c1.18-.48 2.25-1.2 3.14-2.1.9-.89 1.62-1.96 2.1-3.14.49-1.17.74-2.43.74-3.7 0-3.92-2.36-7.44-5.98-8.94a9.66 9.66 0 00-10.54 2.1 9.66 9.66 0 00-2.1 10.54 9.672 9.672 0 008.94 5.98c1.27 0 2.53-.25 3.7-.74zM304.69 267c17.47 0 31.67 14.4 31.67 32.14 0 17.74-14.21 32.17-31.68 32.17S273 316.88 273 299.14c0-17.73 14.22-32.14 31.69-32.14zm-.3 22.71a9.7 9.7 0 00-3.68.73 9.534 9.534 0 00-3.12 2.08c-.9.89-1.6 1.95-2.09 3.12a9.7 9.7 0 00-.73 3.68 9.61 9.61 0 005.93 8.88c3.59 1.49 7.73.66 10.48-2.08a9.632 9.632 0 002.08-10.48 9.61 9.61 0 00-8.88-5.93h.01z" fill="#000"/></svg> <span class="cart-icon-text" data-v-1956333b>Add to cart</span></div></div></div></div></div></div></div></div> <div class="product-card-back" data-v-4eb474b4><div class="wishlist-drop-down-wrapper" style="display:none;" data-v-f16d327c data-v-4eb474b4><div class="wishlist-drop-down-banner" data-v-344dcb9e data-v-f16d327c>
    Choose a wishlist
    <svg version="1.1" viewBox="0 0 16 21" class="icon svg-icon svg-fill" style="width:16px;height:21px;" data-v-344dcb9e><path fill="white" stroke="none" pid="0" d="M7.683 8.068a.658.658 0 00-.929-.001l-2.16 2.161-.848-.849a.657.657 0 00-.928.928L4.13 11.62a.66.66 0 00.928.001l2.625-2.625a.657.657 0 000-.928zm0 5.25a.658.658 0 00-.929-.001l-2.16 2.161-.848-.848a.657.657 0 00-.928.928l1.312 1.313a.654.654 0 00.928 0l2.625-2.625a.657.657 0 000-.928zm4.786-4.13H9.844a.656.656 0 000 1.312h2.625a.656.656 0 000-1.313zm0 5.25H9.844a.656.656 0 000 1.312h2.625a.656.656 0 000-1.313z"/><path fill="white" stroke="none" pid="1" d="M14.438 2.625h-2.626v-.656a.656.656 0 00-.656-.657H9.732A1.974 1.974 0 007.875 0C7.019 0 6.29.549 6.018 1.313H4.594a.656.656 0 00-.657.656v.656H1.313C.589 2.625 0 3.215 0 3.938v15.75C0 20.41.59 21 1.313 21h13.124c.724 0 1.313-.59 1.313-1.313V3.938c0-.723-.59-1.312-1.313-1.312zm-9.188 0h1.313a.656.656 0 00.656-.656.656.656 0 011.312 0c0 .362.294.656.656.656H10.5v1.313H5.25V2.625zm9.188 17.063H1.312V3.938h2.625v.656c0 .362.294.656.657.656h6.562a.656.656 0 00.656-.656v-.657h2.626v15.75z"/></svg> <div class="closing-icon" style="display:none;" data-v-344dcb9e><svg version="1.1" viewBox="0 0 18 18" class="remove-icon svg-icon svg-fill" style="width:10px;height:10px;" data-v-344dcb9e><path fill="#fff" stroke="none" pid="0" fill="#333" d="M17.755 1.814A.699.699 0 0018 1.273a.738.738 0 00-.245-.554.803.803 0 00-.573-.219.855.855 0 00-.587.219L9 7.905 1.39.719A.797.797 0 00.818.5a.855.855 0 00-.586.219.758.758 0 00-.232.554c0 .213.077.394.232.54L7.841 9l-7.61 7.173a.761.761 0 00-.231.554c0 .214.077.394.232.541.165.155.36.232.586.232a.78.78 0 00.573-.232L9 10.095l7.595 7.173c.165.155.36.232.587.232a.781.781 0 00.573-.232.697.697 0 00.245-.54c0-.215-.081-.4-.245-.555L10.159 9l7.596-7.186z" fill-rule="evenodd"/></svg></div></div> <div class="wishlist-item-wrapper" data-v-b9033f4a data-v-f16d327c><div class="scroll" data-v-b9033f4a><div data-v-9444bd58 data-v-b9033f4a></div> <!----></div> <div class="wishlist-dropdown-link" data-v-b9033f4a><div data-v-697dda27 data-v-b9033f4a><div class="wishlist-link" data-v-697dda27><a data-v-697dda27>Create new wishlist</a></div> <div class="wishlist-link" data-v-697dda27><a data-v-697dda27>Manage wishlists</a></div></div></div></div></div></div></div></div></div><div class="swiper-slide cms-product-cards-carousel-slide" data-v-6dc1bbe5><div class="product-card-container" data-v-4eb474b4 data-v-6dc1bbe5><div class="product-card-wrapper" data-v-4eb474b4><div class="product-card" data-v-4eb474b4><div data-v-4eb474b4><div class="wishlist-wrapper" data-v-2ece9c9d><div class="wishlist-banner" style="display:none;" data-v-2ece9c9d><span data-v-2ece9c9d>
            
        </span> <!----></div> <div class="wishlist-icon dense-grid-layout" style="display:none;" data-v-2ece9c9d><span style="display:none;" data-v-2ece9c9d>Add to wishlist</span> <svg version="1.1" viewBox="0 0 16 21" class="icon svg-icon svg-fill" style="width:16px;height:21px;" data-v-2ece9c9d><path fill="#737373" stroke="none" pid="0" d="M7.683 8.068a.658.658 0 00-.929-.001l-2.16 2.161-.848-.849a.657.657 0 00-.928.928L4.13 11.62a.66.66 0 00.928.001l2.625-2.625a.657.657 0 000-.928zm0 5.25a.658.658 0 00-.929-.001l-2.16 2.161-.848-.848a.657.657 0 00-.928.928l1.312 1.313a.654.654 0 00.928 0l2.625-2.625a.657.657 0 000-.928zm4.786-4.13H9.844a.656.656 0 000 1.312h2.625a.656.656 0 000-1.313zm0 5.25H9.844a.656.656 0 000 1.312h2.625a.656.656 0 000-1.313z"/><path fill="#737373" stroke="none" pid="1" d="M14.438 2.625h-2.626v-.656a.656.656 0 00-.656-.657H9.732A1.974 1.974 0 007.875 0C7.019 0 6.29.549 6.018 1.313H4.594a.656.656 0 00-.657.656v.656H1.313C.589 2.625 0 3.215 0 3.938v15.75C0 20.41.59 21 1.313 21h13.124c.724 0 1.313-.59 1.313-1.313V3.938c0-.723-.59-1.312-1.313-1.312zm-9.188 0h1.313a.656.656 0 00.656-.656.656.656 0 011.312 0c0 .362.294.656.656.656H10.5v1.313H5.25V2.625zm9.188 17.063H1.312V3.938h2.625v.656c0 .362.294.656.657.656h6.562a.656.656 0 00.656-.656v-.657h2.626v15.75z"/></svg></div></div> <!----></div> <div class="product-card-event-label-wrapper" data-v-4eb474b4><!----></div> <div class="product-card-content" data-v-4eb474b4><a href="/us_en/borsari-tiramisu-pandoro-30-oz" class="product-link" data-v-4eb474b4><div class="product-card-image-name-manufacturer" data-v-4eb474b4><div class="product-card-image" data-v-4eb474b4><img width="200" height="200" alt="Tiramisu Pandoro 30 oz" src="https://www.eataly.com/media/catalog/product/b/o/borsari-tiramisu-pandoro-30-oz_thumbnail.jpg" loading="lazy" class="product-image" data-v-4eb474b4> <div class="product-badge product-badge product-badge--discount" data-v-608c9b3f data-v-4eb474b4><span data-v-608c9b3f>Offer -20%</span></div></div> <div class="name-manufacturer" data-v-4eb474b4><div data-test-e2e="product-card-product-name" class="product-card-name" data-v-4eb474b4><span data-v-4eb474b4>
                                    Tiramisu Pandoro 30 oz
                                </span></div> <div class="product-card-manufacturer" data-v-4eb474b4><!----> <span data-v-4eb474b4>
                                    Borsari
                                </span></div> <!----></div></div></a> <div class="product-card-price-add-info" data-v-4eb474b4><!----> <div class="add-info" data-v-4eb474b4><div class="product-card-info" data-v-4eb474b4><div class="item-info" data-v-4eb474b4><div data-v-4eb474b4>$1,09/Oz</div> <div data-v-4eb474b4>30 Oz</div></div> <div class="price" data-v-4eb474b4><div class="original-price" data-v-4eb474b4>
                                    $40.99
                                </div> <div class="final-price" data-v-4eb474b4>$32.79</div></div></div> <div class="product-card-add" data-v-4eb474b4><div data-test-e2e="add-to-cart-button" class="button-wrapper add-to-cart-button dense-grid-layout" data-v-1956333b data-v-4eb474b4><div data-test-e2e="add-to-cart-no-items" tabindex="0" role="button" class="button-no-items a11y-focus-standard" data-v-1956333b><!----> <div class="no-items-label dense-grid-layout" data-v-1956333b><svg version="1.1" viewBox="0 0 388 339" class="cart-icon svg-icon svg-fill" style="width:17px;height:15px;" data-v-1956333b><path fill="#fff" stroke="none" pid="0" id="Layer" fill-rule="evenodd" d="M128.11 224.12c-2.84 0-5.57 1.13-7.58 3.14a10.726 10.726 0 00-3.14 7.58c0 2.84 1.13 5.57 3.14 7.58 2.01 2.01 4.74 3.14 7.58 3.14h196.36c2.84 0 5.57 1.13 7.58 3.14 2.01 2.01 3.14 4.74 3.14 7.58s-1.13 5.57-3.14 7.58a10.726 10.726 0 01-7.58 3.14H128.11c-7.45.11-14.71-2.38-20.53-7.04a32.081 32.081 0 01-11.36-18.5 32.04 32.04 0 013-21.49c3.46-6.6 9.12-11.79 15.99-14.68-2.05-9.14-37.73-168.1-39.1-174.22H19.8c-2.84 0-5.57-1.13-7.58-3.14a10.726 10.726 0 01-3.14-7.58c0-2.84 1.13-5.57 3.14-7.58 2.01-2.01 4.74-3.14 7.58-3.14h65c1.22-.01 2.42.19 3.57.59 1.15.4 2.23.99 3.18 1.74.96.76 1.77 1.67 2.42 2.7.65 1.02 1.13 2.15 1.4 3.34l7.74 34.52h264.67a10.708 10.708 0 014.82 1.12c.75.37 1.46.83 2.1 1.36.64.53 1.22 1.13 1.73 1.79.5.66.93 1.37 1.26 2.13.34.75.59 1.55.74 2.36a10.555 10.555 0 01-.24 4.91l-43.31 150.13c-.33 1.12-.83 2.17-1.5 3.13-.66.95-1.48 1.8-2.41 2.49-.93.7-1.97 1.24-3.08 1.6-1.1.37-2.26.55-3.42.55H128.08l.03.03zm8.69-22.48h179.5L353.43 73H107.92l28.88 128.64z" fill="#000"/><path fill="#fff" stroke="none" pid="1" id="Layer" fill-rule="evenodd" d="M178.07 298.32c0 17.74-14.21 32.17-31.68 32.17s-31.68-14.43-31.68-32.17c0-17.74 14.21-32.17 31.68-32.17s31.68 14.43 31.68 32.17zm-27.98 9.94c1.18-.48 2.25-1.2 3.14-2.1.9-.89 1.62-1.96 2.1-3.14.49-1.17.74-2.43.74-3.7 0-3.92-2.36-7.44-5.98-8.94a9.66 9.66 0 00-10.54 2.1 9.66 9.66 0 00-2.1 10.54 9.672 9.672 0 008.94 5.98c1.27 0 2.53-.25 3.7-.74zM304.69 267c17.47 0 31.67 14.4 31.67 32.14 0 17.74-14.21 32.17-31.68 32.17S273 316.88 273 299.14c0-17.73 14.22-32.14 31.69-32.14zm-.3 22.71a9.7 9.7 0 00-3.68.73 9.534 9.534 0 00-3.12 2.08c-.9.89-1.6 1.95-2.09 3.12a9.7 9.7 0 00-.73 3.68 9.61 9.61 0 005.93 8.88c3.59 1.49 7.73.66 10.48-2.08a9.632 9.632 0 002.08-10.48 9.61 9.61 0 00-8.88-5.93h.01z" fill="#000"/></svg> <span class="cart-icon-text" data-v-1956333b>Add to cart</span></div></div></div></div></div></div></div></div> <div class="product-card-back" data-v-4eb474b4><div class="wishlist-drop-down-wrapper" style="display:none;" data-v-f16d327c data-v-4eb474b4><div class="wishlist-drop-down-banner" data-v-344dcb9e data-v-f16d327c>
    Choose a wishlist
    <svg version="1.1" viewBox="0 0 16 21" class="icon svg-icon svg-fill" style="width:16px;height:21px;" data-v-344dcb9e><path fill="white" stroke="none" pid="0" d="M7.683 8.068a.658.658 0 00-.929-.001l-2.16 2.161-.848-.849a.657.657 0 00-.928.928L4.13 11.62a.66.66 0 00.928.001l2.625-2.625a.657.657 0 000-.928zm0 5.25a.658.658 0 00-.929-.001l-2.16 2.161-.848-.848a.657.657 0 00-.928.928l1.312 1.313a.654.654 0 00.928 0l2.625-2.625a.657.657 0 000-.928zm4.786-4.13H9.844a.656.656 0 000 1.312h2.625a.656.656 0 000-1.313zm0 5.25H9.844a.656.656 0 000 1.312h2.625a.656.656 0 000-1.313z"/><path fill="white" stroke="none" pid="1" d="M14.438 2.625h-2.626v-.656a.656.656 0 00-.656-.657H9.732A1.974 1.974 0 007.875 0C7.019 0 6.29.549 6.018 1.313H4.594a.656.656 0 00-.657.656v.656H1.313C.589 2.625 0 3.215 0 3.938v15.75C0 20.41.59 21 1.313 21h13.124c.724 0 1.313-.59 1.313-1.313V3.938c0-.723-.59-1.312-1.313-1.312zm-9.188 0h1.313a.656.656 0 00.656-.656.656.656 0 011.312 0c0 .362.294.656.656.656H10.5v1.313H5.25V2.625zm9.188 17.063H1.312V3.938h2.625v.656c0 .362.294.656.657.656h6.562a.656.656 0 00.656-.656v-.657h2.626v15.75z"/></svg> <div class="closing-icon" style="display:none;" data-v-344dcb9e><svg version="1.1" viewBox="0 0 18 18" class="remove-icon svg-icon svg-fill" style="width:10px;height:10px;" data-v-344dcb9e><path fill="#fff" stroke="none" pid="0" fill="#333" d="M17.755 1.814A.699.699 0 0018 1.273a.738.738 0 00-.245-.554.803.803 0 00-.573-.219.855.855 0 00-.587.219L9 7.905 1.39.719A.797.797 0 00.818.5a.855.855 0 00-.586.219.758.758 0 00-.232.554c0 .213.077.394.232.54L7.841 9l-7.61 7.173a.761.761 0 00-.231.554c0 .214.077.394.232.541.165.155.36.232.586.232a.78.78 0 00.573-.232L9 10.095l7.595 7.173c.165.155.36.232.587.232a.781.781 0 00.573-.232.697.697 0 00.245-.54c0-.215-.081-.4-.245-.555L10.159 9l7.596-7.186z" fill-rule="evenodd"/></svg></div></div> <div class="wishlist-item-wrapper" data-v-b9033f4a data-v-f16d327c><div class="scroll" data-v-b9033f4a><div data-v-9444bd58 data-v-b9033f4a></div> <!----></div> <div class="wishlist-dropdown-link" data-v-b9033f4a><div data-v-697dda27 data-v-b9033f4a><div class="wishlist-link" data-v-697dda27><a data-v-697dda27>Create new wishlist</a></div> <div class="wishlist-link" data-v-697dda27><a data-v-697dda27>Manage wishlists</a></div></div></div></div></div></div></div></div></div><div class="swiper-slide cms-product-cards-carousel-slide" data-v-6dc1bbe5><div class="product-card-container" data-v-4eb474b4 data-v-6dc1bbe5><div class="product-card-wrapper" data-v-4eb474b4><div class="product-card" data-v-4eb474b4><div data-v-4eb474b4><div class="wishlist-wrapper" data-v-2ece9c9d><div class="wishlist-banner" style="display:none;" data-v-2ece9c9d><span data-v-2ece9c9d>
            
        </span> <!----></div> <div class="wishlist-icon dense-grid-layout" style="display:none;" data-v-2ece9c9d><span style="display:none;" data-v-2ece9c9d>Add to wishlist</span> <svg version="1.1" viewBox="0 0 16 21" class="icon svg-icon svg-fill" style="width:16px;height:21px;" data-v-2ece9c9d><path fill="#737373" stroke="none" pid="0" d="M7.683 8.068a.658.658 0 00-.929-.001l-2.16 2.161-.848-.849a.657.657 0 00-.928.928L4.13 11.62a.66.66 0 00.928.001l2.625-2.625a.657.657 0 000-.928zm0 5.25a.658.658 0 00-.929-.001l-2.16 2.161-.848-.848a.657.657 0 00-.928.928l1.312 1.313a.654.654 0 00.928 0l2.625-2.625a.657.657 0 000-.928zm4.786-4.13H9.844a.656.656 0 000 1.312h2.625a.656.656 0 000-1.313zm0 5.25H9.844a.656.656 0 000 1.312h2.625a.656.656 0 000-1.313z"/><path fill="#737373" stroke="none" pid="1" d="M14.438 2.625h-2.626v-.656a.656.656 0 00-.656-.657H9.732A1.974 1.974 0 007.875 0C7.019 0 6.29.549 6.018 1.313H4.594a.656.656 0 00-.657.656v.656H1.313C.589 2.625 0 3.215 0 3.938v15.75C0 20.41.59 21 1.313 21h13.124c.724 0 1.313-.59 1.313-1.313V3.938c0-.723-.59-1.312-1.313-1.312zm-9.188 0h1.313a.656.656 0 00.656-.656.656.656 0 011.312 0c0 .362.294.656.656.656H10.5v1.313H5.25V2.625zm9.188 17.063H1.312V3.938h2.625v.656c0 .362.294.656.657.656h6.562a.656.656 0 00.656-.656v-.657h2.626v15.75z"/></svg></div></div> <!----></div> <div class="product-card-event-label-wrapper" data-v-4eb474b4><div class="event-label tiny text-only" data-v-e009e9de data-v-4eb474b4><!----> <div class="event-label-text" data-v-e009e9de><div class="event-label-text-title" data-v-e009e9de>
            Best Seller
        </div> <!----></div></div></div> <div class="product-card-content" data-v-4eb474b4><a href="/us_en/eataly-panettone-with-pistachio-cream-36-9-oz" class="product-link" data-v-4eb474b4><div class="product-card-image-name-manufacturer" data-v-4eb474b4><div class="product-card-image" data-v-4eb474b4><img width="200" height="200" alt="Pistachio Cream Panettone" src="https://www.eataly.com/media/catalog/product/a/d/adobe_express_-_file_7__2_1.jpg" loading="lazy" class="product-image" data-v-4eb474b4> <div class="product-badge product-badge product-badge--discount" data-v-608c9b3f data-v-4eb474b4><span data-v-608c9b3f>Offer -20%</span></div></div> <div class="name-manufacturer" data-v-4eb474b4><div data-test-e2e="product-card-product-name" class="product-card-name" data-v-4eb474b4><span data-v-4eb474b4>
                                    Pistachio Cream Panettone
                                </span></div> <div class="product-card-manufacturer" data-v-4eb474b4><!----> <span data-v-4eb474b4>
                                    Eataly
                                </span></div> <!----></div></div></a> <div class="product-card-price-add-info" data-v-4eb474b4><!----> <div class="add-info" data-v-4eb474b4><div class="product-card-info" data-v-4eb474b4><div class="item-info" data-v-4eb474b4><div data-v-4eb474b4>$1,41/Oz</div> <div data-v-4eb474b4>36.9 Oz</div></div> <div class="price" data-v-4eb474b4><div class="original-price" data-v-4eb474b4>
                                    $64.99
                                </div> <div class="final-price" data-v-4eb474b4>$51.99</div></div></div> <div class="product-card-add" data-v-4eb474b4><div data-test-e2e="add-to-cart-button" class="button-wrapper add-to-cart-button dense-grid-layout" data-v-1956333b data-v-4eb474b4><div data-test-e2e="add-to-cart-no-items" tabindex="0" role="button" class="button-no-items a11y-focus-standard" data-v-1956333b><!----> <div class="no-items-label dense-grid-layout" data-v-1956333b><svg version="1.1" viewBox="0 0 388 339" class="cart-icon svg-icon svg-fill" style="width:17px;height:15px;" data-v-1956333b><path fill="#fff" stroke="none" pid="0" id="Layer" fill-rule="evenodd" d="M128.11 224.12c-2.84 0-5.57 1.13-7.58 3.14a10.726 10.726 0 00-3.14 7.58c0 2.84 1.13 5.57 3.14 7.58 2.01 2.01 4.74 3.14 7.58 3.14h196.36c2.84 0 5.57 1.13 7.58 3.14 2.01 2.01 3.14 4.74 3.14 7.58s-1.13 5.57-3.14 7.58a10.726 10.726 0 01-7.58 3.14H128.11c-7.45.11-14.71-2.38-20.53-7.04a32.081 32.081 0 01-11.36-18.5 32.04 32.04 0 013-21.49c3.46-6.6 9.12-11.79 15.99-14.68-2.05-9.14-37.73-168.1-39.1-174.22H19.8c-2.84 0-5.57-1.13-7.58-3.14a10.726 10.726 0 01-3.14-7.58c0-2.84 1.13-5.57 3.14-7.58 2.01-2.01 4.74-3.14 7.58-3.14h65c1.22-.01 2.42.19 3.57.59 1.15.4 2.23.99 3.18 1.74.96.76 1.77 1.67 2.42 2.7.65 1.02 1.13 2.15 1.4 3.34l7.74 34.52h264.67a10.708 10.708 0 014.82 1.12c.75.37 1.46.83 2.1 1.36.64.53 1.22 1.13 1.73 1.79.5.66.93 1.37 1.26 2.13.34.75.59 1.55.74 2.36a10.555 10.555 0 01-.24 4.91l-43.31 150.13c-.33 1.12-.83 2.17-1.5 3.13-.66.95-1.48 1.8-2.41 2.49-.93.7-1.97 1.24-3.08 1.6-1.1.37-2.26.55-3.42.55H128.08l.03.03zm8.69-22.48h179.5L353.43 73H107.92l28.88 128.64z" fill="#000"/><path fill="#fff" stroke="none" pid="1" id="Layer" fill-rule="evenodd" d="M178.07 298.32c0 17.74-14.21 32.17-31.68 32.17s-31.68-14.43-31.68-32.17c0-17.74 14.21-32.17 31.68-32.17s31.68 14.43 31.68 32.17zm-27.98 9.94c1.18-.48 2.25-1.2 3.14-2.1.9-.89 1.62-1.96 2.1-3.14.49-1.17.74-2.43.74-3.7 0-3.92-2.36-7.44-5.98-8.94a9.66 9.66 0 00-10.54 2.1 9.66 9.66 0 00-2.1 10.54 9.672 9.672 0 008.94 5.98c1.27 0 2.53-.25 3.7-.74zM304.69 267c17.47 0 31.67 14.4 31.67 32.14 0 17.74-14.21 32.17-31.68 32.17S273 316.88 273 299.14c0-17.73 14.22-32.14 31.69-32.14zm-.3 22.71a9.7 9.7 0 00-3.68.73 9.534 9.534 0 00-3.12 2.08c-.9.89-1.6 1.95-2.09 3.12a9.7 9.7 0 00-.73 3.68 9.61 9.61 0 005.93 8.88c3.59 1.49 7.73.66 10.48-2.08a9.632 9.632 0 002.08-10.48 9.61 9.61 0 00-8.88-5.93h.01z" fill="#000"/></svg> <span class="cart-icon-text" data-v-1956333b>Add to cart</span></div></div></div></div></div></div></div></div> <div class="product-card-back" data-v-4eb474b4><div class="wishlist-drop-down-wrapper" style="display:none;" data-v-f16d327c data-v-4eb474b4><div class="wishlist-drop-down-banner" data-v-344dcb9e data-v-f16d327c>
    Choose a wishlist
    <svg version="1.1" viewBox="0 0 16 21" class="icon svg-icon svg-fill" style="width:16px;height:21px;" data-v-344dcb9e><path fill="white" stroke="none" pid="0" d="M7.683 8.068a.658.658 0 00-.929-.001l-2.16 2.161-.848-.849a.657.657 0 00-.928.928L4.13 11.62a.66.66 0 00.928.001l2.625-2.625a.657.657 0 000-.928zm0 5.25a.658.658 0 00-.929-.001l-2.16 2.161-.848-.848a.657.657 0 00-.928.928l1.312 1.313a.654.654 0 00.928 0l2.625-2.625a.657.657 0 000-.928zm4.786-4.13H9.844a.656.656 0 000 1.312h2.625a.656.656 0 000-1.313zm0 5.25H9.844a.656.656 0 000 1.312h2.625a.656.656 0 000-1.313z"/><path fill="white" stroke="none" pid="1" d="M14.438 2.625h-2.626v-.656a.656.656 0 00-.656-.657H9.732A1.974 1.974 0 007.875 0C7.019 0 6.29.549 6.018 1.313H4.594a.656.656 0 00-.657.656v.656H1.313C.589 2.625 0 3.215 0 3.938v15.75C0 20.41.59 21 1.313 21h13.124c.724 0 1.313-.59 1.313-1.313V3.938c0-.723-.59-1.312-1.313-1.312zm-9.188 0h1.313a.656.656 0 00.656-.656.656.656 0 011.312 0c0 .362.294.656.656.656H10.5v1.313H5.25V2.625zm9.188 17.063H1.312V3.938h2.625v.656c0 .362.294.656.657.656h6.562a.656.656 0 00.656-.656v-.657h2.626v15.75z"/></svg> <div class="closing-icon" style="display:none;" data-v-344dcb9e><svg version="1.1" viewBox="0 0 18 18" class="remove-icon svg-icon svg-fill" style="width:10px;height:10px;" data-v-344dcb9e><path fill="#fff" stroke="none" pid="0" fill="#333" d="M17.755 1.814A.699.699 0 0018 1.273a.738.738 0 00-.245-.554.803.803 0 00-.573-.219.855.855 0 00-.587.219L9 7.905 1.39.719A.797.797 0 00.818.5a.855.855 0 00-.586.219.758.758 0 00-.232.554c0 .213.077.394.232.54L7.841 9l-7.61 7.173a.761.761 0 00-.231.554c0 .214.077.394.232.541.165.155.36.232.586.232a.78.78 0 00.573-.232L9 10.095l7.595 7.173c.165.155.36.232.587.232a.781.781 0 00.573-.232.697.697 0 00.245-.54c0-.215-.081-.4-.245-.555L10.159 9l7.596-7.186z" fill-rule="evenodd"/></svg></div></div> <div class="wishlist-item-wrapper" data-v-b9033f4a data-v-f16d327c><div class="scroll" data-v-b9033f4a><div data-v-9444bd58 data-v-b9033f4a></div> <!----></div> <div class="wishlist-dropdown-link" data-v-b9033f4a><div data-v-697dda27 data-v-b9033f4a><div class="wishlist-link" data-v-697dda27><a data-v-697dda27>Create new wishlist</a></div> <div class="wishlist-link" data-v-697dda27><a data-v-697dda27>Manage wishlists</a></div></div></div></div></div></div></div></div></div><div class="swiper-slide cms-product-cards-carousel-slide" data-v-6dc1bbe5><div class="product-card-container" data-v-4eb474b4 data-v-6dc1bbe5><div class="product-card-wrapper" data-v-4eb474b4><div class="product-card" data-v-4eb474b4><div data-v-4eb474b4><div class="wishlist-wrapper" data-v-2ece9c9d><div class="wishlist-banner" style="display:none;" data-v-2ece9c9d><span data-v-2ece9c9d>
            
        </span> <!----></div> <div class="wishlist-icon dense-grid-layout" style="display:none;" data-v-2ece9c9d><span style="display:none;" data-v-2ece9c9d>Add to wishlist</span> <svg version="1.1" viewBox="0 0 16 21" class="icon svg-icon svg-fill" style="width:16px;height:21px;" data-v-2ece9c9d><path fill="#737373" stroke="none" pid="0" d="M7.683 8.068a.658.658 0 00-.929-.001l-2.16 2.161-.848-.849a.657.657 0 00-.928.928L4.13 11.62a.66.66 0 00.928.001l2.625-2.625a.657.657 0 000-.928zm0 5.25a.658.658 0 00-.929-.001l-2.16 2.161-.848-.848a.657.657 0 00-.928.928l1.312 1.313a.654.654 0 00.928 0l2.625-2.625a.657.657 0 000-.928zm4.786-4.13H9.844a.656.656 0 000 1.312h2.625a.656.656 0 000-1.313zm0 5.25H9.844a.656.656 0 000 1.312h2.625a.656.656 0 000-1.313z"/><path fill="#737373" stroke="none" pid="1" d="M14.438 2.625h-2.626v-.656a.656.656 0 00-.656-.657H9.732A1.974 1.974 0 007.875 0C7.019 0 6.29.549 6.018 1.313H4.594a.656.656 0 00-.657.656v.656H1.313C.589 2.625 0 3.215 0 3.938v15.75C0 20.41.59 21 1.313 21h13.124c.724 0 1.313-.59 1.313-1.313V3.938c0-.723-.59-1.312-1.313-1.312zm-9.188 0h1.313a.656.656 0 00.656-.656.656.656 0 011.312 0c0 .362.294.656.656.656H10.5v1.313H5.25V2.625zm9.188 17.063H1.312V3.938h2.625v.656c0 .362.294.656.657.656h6.562a.656.656 0 00.656-.656v-.657h2.626v15.75z"/></svg></div></div> <!----></div> <div class="product-card-event-label-wrapper" data-v-4eb474b4><!----></div> <div class="product-card-content" data-v-4eb474b4><a href="/us_en/eataly-limoncello-panettone-35-2-oz" class="product-link" data-v-4eb474b4><div class="product-card-image-name-manufacturer" data-v-4eb474b4><div class="product-card-image" data-v-4eb474b4><img width="200" height="200" alt="Limoncello Panettone" src="https://www.eataly.com/media/catalog/product/a/d/adobe_express_-_file_4__3.jpg" loading="lazy" class="product-image" data-v-4eb474b4> <div class="product-badge product-badge product-badge--discount" data-v-608c9b3f data-v-4eb474b4><span data-v-608c9b3f>Offer -20%</span></div></div> <div class="name-manufacturer" data-v-4eb474b4><div data-test-e2e="product-card-product-name" class="product-card-name" data-v-4eb474b4><span data-v-4eb474b4>
                                    Limoncello Panettone
                                </span></div> <div class="product-card-manufacturer" data-v-4eb474b4><!----> <span data-v-4eb474b4>
                                    Eataly
                                </span></div> <!----></div></div></a> <div class="product-card-price-add-info" data-v-4eb474b4><!----> <div class="add-info" data-v-4eb474b4><div class="product-card-info" data-v-4eb474b4><div class="item-info" data-v-4eb474b4><div data-v-4eb474b4>$1,48/Oz</div> <div data-v-4eb474b4>35.2 Oz</div></div> <div class="price" data-v-4eb474b4><div class="original-price" data-v-4eb474b4>
                                    $64.99
                                </div> <div class="final-price" data-v-4eb474b4>$51.99</div></div></div> <div class="product-card-add" data-v-4eb474b4><div data-test-e2e="add-to-cart-button" class="button-wrapper add-to-cart-button dense-grid-layout" data-v-1956333b data-v-4eb474b4><div data-test-e2e="add-to-cart-no-items" tabindex="0" role="button" class="button-no-items a11y-focus-standard" data-v-1956333b><!----> <div class="no-items-label dense-grid-layout" data-v-1956333b><svg version="1.1" viewBox="0 0 388 339" class="cart-icon svg-icon svg-fill" style="width:17px;height:15px;" data-v-1956333b><path fill="#fff" stroke="none" pid="0" id="Layer" fill-rule="evenodd" d="M128.11 224.12c-2.84 0-5.57 1.13-7.58 3.14a10.726 10.726 0 00-3.14 7.58c0 2.84 1.13 5.57 3.14 7.58 2.01 2.01 4.74 3.14 7.58 3.14h196.36c2.84 0 5.57 1.13 7.58 3.14 2.01 2.01 3.14 4.74 3.14 7.58s-1.13 5.57-3.14 7.58a10.726 10.726 0 01-7.58 3.14H128.11c-7.45.11-14.71-2.38-20.53-7.04a32.081 32.081 0 01-11.36-18.5 32.04 32.04 0 013-21.49c3.46-6.6 9.12-11.79 15.99-14.68-2.05-9.14-37.73-168.1-39.1-174.22H19.8c-2.84 0-5.57-1.13-7.58-3.14a10.726 10.726 0 01-3.14-7.58c0-2.84 1.13-5.57 3.14-7.58 2.01-2.01 4.74-3.14 7.58-3.14h65c1.22-.01 2.42.19 3.57.59 1.15.4 2.23.99 3.18 1.74.96.76 1.77 1.67 2.42 2.7.65 1.02 1.13 2.15 1.4 3.34l7.74 34.52h264.67a10.708 10.708 0 014.82 1.12c.75.37 1.46.83 2.1 1.36.64.53 1.22 1.13 1.73 1.79.5.66.93 1.37 1.26 2.13.34.75.59 1.55.74 2.36a10.555 10.555 0 01-.24 4.91l-43.31 150.13c-.33 1.12-.83 2.17-1.5 3.13-.66.95-1.48 1.8-2.41 2.49-.93.7-1.97 1.24-3.08 1.6-1.1.37-2.26.55-3.42.55H128.08l.03.03zm8.69-22.48h179.5L353.43 73H107.92l28.88 128.64z" fill="#000"/><path fill="#fff" stroke="none" pid="1" id="Layer" fill-rule="evenodd" d="M178.07 298.32c0 17.74-14.21 32.17-31.68 32.17s-31.68-14.43-31.68-32.17c0-17.74 14.21-32.17 31.68-32.17s31.68 14.43 31.68 32.17zm-27.98 9.94c1.18-.48 2.25-1.2 3.14-2.1.9-.89 1.62-1.96 2.1-3.14.49-1.17.74-2.43.74-3.7 0-3.92-2.36-7.44-5.98-8.94a9.66 9.66 0 00-10.54 2.1 9.66 9.66 0 00-2.1 10.54 9.672 9.672 0 008.94 5.98c1.27 0 2.53-.25 3.7-.74zM304.69 267c17.47 0 31.67 14.4 31.67 32.14 0 17.74-14.21 32.17-31.68 32.17S273 316.88 273 299.14c0-17.73 14.22-32.14 31.69-32.14zm-.3 22.71a9.7 9.7 0 00-3.68.73 9.534 9.534 0 00-3.12 2.08c-.9.89-1.6 1.95-2.09 3.12a9.7 9.7 0 00-.73 3.68 9.61 9.61 0 005.93 8.88c3.59 1.49 7.73.66 10.48-2.08a9.632 9.632 0 002.08-10.48 9.61 9.61 0 00-8.88-5.93h.01z" fill="#000"/></svg> <span class="cart-icon-text" data-v-1956333b>Add to cart</span></div></div></div></div></div></div></div></div> <div class="product-card-back" data-v-4eb474b4><div class="wishlist-drop-down-wrapper" style="display:none;" data-v-f16d327c data-v-4eb474b4><div class="wishlist-drop-down-banner" data-v-344dcb9e data-v-f16d327c>
    Choose a wishlist
    <svg version="1.1" viewBox="0 0 16 21" class="icon svg-icon svg-fill" style="width:16px;height:21px;" data-v-344dcb9e><path fill="white" stroke="none" pid="0" d="M7.683 8.068a.658.658 0 00-.929-.001l-2.16 2.161-.848-.849a.657.657 0 00-.928.928L4.13 11.62a.66.66 0 00.928.001l2.625-2.625a.657.657 0 000-.928zm0 5.25a.658.658 0 00-.929-.001l-2.16 2.161-.848-.848a.657.657 0 00-.928.928l1.312 1.313a.654.654 0 00.928 0l2.625-2.625a.657.657 0 000-.928zm4.786-4.13H9.844a.656.656 0 000 1.312h2.625a.656.656 0 000-1.313zm0 5.25H9.844a.656.656 0 000 1.312h2.625a.656.656 0 000-1.313z"/><path fill="white" stroke="none" pid="1" d="M14.438 2.625h-2.626v-.656a.656.656 0 00-.656-.657H9.732A1.974 1.974 0 007.875 0C7.019 0 6.29.549 6.018 1.313H4.594a.656.656 0 00-.657.656v.656H1.313C.589 2.625 0 3.215 0 3.938v15.75C0 20.41.59 21 1.313 21h13.124c.724 0 1.313-.59 1.313-1.313V3.938c0-.723-.59-1.312-1.313-1.312zm-9.188 0h1.313a.656.656 0 00.656-.656.656.656 0 011.312 0c0 .362.294.656.656.656H10.5v1.313H5.25V2.625zm9.188 17.063H1.312V3.938h2.625v.656c0 .362.294.656.657.656h6.562a.656.656 0 00.656-.656v-.657h2.626v15.75z"/></svg> <div class="closing-icon" style="display:none;" data-v-344dcb9e><svg version="1.1" viewBox="0 0 18 18" class="remove-icon svg-icon svg-fill" style="width:10px;height:10px;" data-v-344dcb9e><path fill="#fff" stroke="none" pid="0" fill="#333" d="M17.755 1.814A.699.699 0 0018 1.273a.738.738 0 00-.245-.554.803.803 0 00-.573-.219.855.855 0 00-.587.219L9 7.905 1.39.719A.797.797 0 00.818.5a.855.855 0 00-.586.219.758.758 0 00-.232.554c0 .213.077.394.232.54L7.841 9l-7.61 7.173a.761.761 0 00-.231.554c0 .214.077.394.232.541.165.155.36.232.586.232a.78.78 0 00.573-.232L9 10.095l7.595 7.173c.165.155.36.232.587.232a.781.781 0 00.573-.232.697.697 0 00.245-.54c0-.215-.081-.4-.245-.555L10.159 9l7.596-7.186z" fill-rule="evenodd"/></svg></div></div> <div class="wishlist-item-wrapper" data-v-b9033f4a data-v-f16d327c><div class="scroll" data-v-b9033f4a><div data-v-9444bd58 data-v-b9033f4a></div> <!----></div> <div class="wishlist-dropdown-link" data-v-b9033f4a><div data-v-697dda27 data-v-b9033f4a><div class="wishlist-link" data-v-697dda27><a data-v-697dda27>Create new wishlist</a></div> <div class="wishlist-link" data-v-697dda27><a data-v-697dda27>Manage wishlists</a></div></div></div></div></div></div></div></div></div></div></div> <div class="swiper-container-desktop" data-v-6dc1bbe5><div class="swiper-wrapper cms-product-cards-carousel cms-product-cards-carousel--has-pagination" data-v-6dc1bbe5><div class="swiper-slide cms-product-cards-carousel-slide" data-v-6dc1bbe5><div class="product-card-container" data-v-4eb474b4 data-v-6dc1bbe5><div class="product-card-wrapper" data-v-4eb474b4><div class="product-card" data-v-4eb474b4><div data-v-4eb474b4><div class="wishlist-wrapper" data-v-2ece9c9d><div class="wishlist-banner" style="display:none;" data-v-2ece9c9d><span data-v-2ece9c9d>
            
        </span> <!----></div> <div class="wishlist-icon dense-grid-layout" style="display:none;" data-v-2ece9c9d><span style="display:none;" data-v-2ece9c9d>Add to wishlist</span> <svg version="1.1" viewBox="0 0 16 21" class="icon svg-icon svg-fill" style="width:16px;height:21px;" data-v-2ece9c9d><path fill="#737373" stroke="none" pid="0" d="M7.683 8.068a.658.658 0 00-.929-.001l-2.16 2.161-.848-.849a.657.657 0 00-.928.928L4.13 11.62a.66.66 0 00.928.001l2.625-2.625a.657.657 0 000-.928zm0 5.25a.658.658 0 00-.929-.001l-2.16 2.161-.848-.848a.657.657 0 00-.928.928l1.312 1.313a.654.654 0 00.928 0l2.625-2.625a.657.657 0 000-.928zm4.786-4.13H9.844a.656.656 0 000 1.312h2.625a.656.656 0 000-1.313zm0 5.25H9.844a.656.656 0 000 1.312h2.625a.656.656 0 000-1.313z"/><path fill="#737373" stroke="none" pid="1" d="M14.438 2.625h-2.626v-.656a.656.656 0 00-.656-.657H9.732A1.974 1.974 0 007.875 0C7.019 0 6.29.549 6.018 1.313H4.594a.656.656 0 00-.657.656v.656H1.313C.589 2.625 0 3.215 0 3.938v15.75C0 20.41.59 21 1.313 21h13.124c.724 0 1.313-.59 1.313-1.313V3.938c0-.723-.59-1.312-1.313-1.312zm-9.188 0h1.313a.656.656 0 00.656-.656.656.656 0 011.312 0c0 .362.294.656.656.656H10.5v1.313H5.25V2.625zm9.188 17.063H1.312V3.938h2.625v.656c0 .362.294.656.657.656h6.562a.656.656 0 00.656-.656v-.657h2.626v15.75z"/></svg></div></div> <!----></div> <div class="product-card-event-label-wrapper" data-v-4eb474b4><div class="event-label tiny text-only" data-v-e009e9de data-v-4eb474b4><!----> <div class="event-label-text" data-v-e009e9de><div class="event-label-text-title" data-v-e009e9de>
            Selling Fast
        </div> <!----></div></div></div> <div class="product-card-content" data-v-4eb474b4><a href="/us_en/bonifanti-chestnut-panettone-35-oz" class="product-link" data-v-4eb474b4><div class="product-card-image-name-manufacturer" data-v-4eb474b4><div class="product-card-image" data-v-4eb474b4><img width="200" height="200" alt="Marron Glaces 'Chesntut' Panettone" src="https://www.eataly.com/media/catalog/product/a/d/adobe_express_-_file_9__8.png" loading="lazy" class="product-image" data-v-4eb474b4> <div class="product-badge product-badge product-badge--discount" data-v-608c9b3f data-v-4eb474b4><span data-v-608c9b3f>Offer -20%</span></div></div> <div class="name-manufacturer" data-v-4eb474b4><div data-test-e2e="product-card-product-name" class="product-card-name" data-v-4eb474b4><span data-v-4eb474b4>
                                    Marron Glaces 'Chesntut' Panettone
                                </span></div> <div class="product-card-manufacturer" data-v-4eb474b4><!----> <span data-v-4eb474b4>
                                    Bonifanti
                                </span></div> <!----></div></div></a> <div class="product-card-price-add-info" data-v-4eb474b4><!----> <div class="add-info" data-v-4eb474b4><div class="product-card-info" data-v-4eb474b4><div class="item-info" data-v-4eb474b4><div data-v-4eb474b4>$1,00/Oz</div> <div data-v-4eb474b4>35.2 Oz</div></div> <div class="price" data-v-4eb474b4><div class="original-price" data-v-4eb474b4>
                                    $43.99
                                </div> <div class="final-price" data-v-4eb474b4>$35.19</div></div></div> <div class="product-card-add" data-v-4eb474b4><div data-test-e2e="add-to-cart-button" class="button-wrapper add-to-cart-button dense-grid-layout" data-v-1956333b data-v-4eb474b4><div data-test-e2e="add-to-cart-no-items" tabindex="0" role="button" class="button-no-items a11y-focus-standard" data-v-1956333b><!----> <div class="no-items-label dense-grid-layout" data-v-1956333b><svg version="1.1" viewBox="0 0 388 339" class="cart-icon svg-icon svg-fill" style="width:17px;height:15px;" data-v-1956333b><path fill="#fff" stroke="none" pid="0" id="Layer" fill-rule="evenodd" d="M128.11 224.12c-2.84 0-5.57 1.13-7.58 3.14a10.726 10.726 0 00-3.14 7.58c0 2.84 1.13 5.57 3.14 7.58 2.01 2.01 4.74 3.14 7.58 3.14h196.36c2.84 0 5.57 1.13 7.58 3.14 2.01 2.01 3.14 4.74 3.14 7.58s-1.13 5.57-3.14 7.58a10.726 10.726 0 01-7.58 3.14H128.11c-7.45.11-14.71-2.38-20.53-7.04a32.081 32.081 0 01-11.36-18.5 32.04 32.04 0 013-21.49c3.46-6.6 9.12-11.79 15.99-14.68-2.05-9.14-37.73-168.1-39.1-174.22H19.8c-2.84 0-5.57-1.13-7.58-3.14a10.726 10.726 0 01-3.14-7.58c0-2.84 1.13-5.57 3.14-7.58 2.01-2.01 4.74-3.14 7.58-3.14h65c1.22-.01 2.42.19 3.57.59 1.15.4 2.23.99 3.18 1.74.96.76 1.77 1.67 2.42 2.7.65 1.02 1.13 2.15 1.4 3.34l7.74 34.52h264.67a10.708 10.708 0 014.82 1.12c.75.37 1.46.83 2.1 1.36.64.53 1.22 1.13 1.73 1.79.5.66.93 1.37 1.26 2.13.34.75.59 1.55.74 2.36a10.555 10.555 0 01-.24 4.91l-43.31 150.13c-.33 1.12-.83 2.17-1.5 3.13-.66.95-1.48 1.8-2.41 2.49-.93.7-1.97 1.24-3.08 1.6-1.1.37-2.26.55-3.42.55H128.08l.03.03zm8.69-22.48h179.5L353.43 73H107.92l28.88 128.64z" fill="#000"/><path fill="#fff" stroke="none" pid="1" id="Layer" fill-rule="evenodd" d="M178.07 298.32c0 17.74-14.21 32.17-31.68 32.17s-31.68-14.43-31.68-32.17c0-17.74 14.21-32.17 31.68-32.17s31.68 14.43 31.68 32.17zm-27.98 9.94c1.18-.48 2.25-1.2 3.14-2.1.9-.89 1.62-1.96 2.1-3.14.49-1.17.74-2.43.74-3.7 0-3.92-2.36-7.44-5.98-8.94a9.66 9.66 0 00-10.54 2.1 9.66 9.66 0 00-2.1 10.54 9.672 9.672 0 008.94 5.98c1.27 0 2.53-.25 3.7-.74zM304.69 267c17.47 0 31.67 14.4 31.67 32.14 0 17.74-14.21 32.17-31.68 32.17S273 316.88 273 299.14c0-17.73 14.22-32.14 31.69-32.14zm-.3 22.71a9.7 9.7 0 00-3.68.73 9.534 9.534 0 00-3.12 2.08c-.9.89-1.6 1.95-2.09 3.12a9.7 9.7 0 00-.73 3.68 9.61 9.61 0 005.93 8.88c3.59 1.49 7.73.66 10.48-2.08a9.632 9.632 0 002.08-10.48 9.61 9.61 0 00-8.88-5.93h.01z" fill="#000"/></svg> <span class="cart-icon-text" data-v-1956333b>Add to cart</span></div></div></div></div></div></div></div></div> <div class="product-card-back" data-v-4eb474b4><div class="wishlist-drop-down-wrapper" style="display:none;" data-v-f16d327c data-v-4eb474b4><div class="wishlist-drop-down-banner" data-v-344dcb9e data-v-f16d327c>
    Choose a wishlist
    <svg version="1.1" viewBox="0 0 16 21" class="icon svg-icon svg-fill" style="width:16px;height:21px;" data-v-344dcb9e><path fill="white" stroke="none" pid="0" d="M7.683 8.068a.658.658 0 00-.929-.001l-2.16 2.161-.848-.849a.657.657 0 00-.928.928L4.13 11.62a.66.66 0 00.928.001l2.625-2.625a.657.657 0 000-.928zm0 5.25a.658.658 0 00-.929-.001l-2.16 2.161-.848-.848a.657.657 0 00-.928.928l1.312 1.313a.654.654 0 00.928 0l2.625-2.625a.657.657 0 000-.928zm4.786-4.13H9.844a.656.656 0 000 1.312h2.625a.656.656 0 000-1.313zm0 5.25H9.844a.656.656 0 000 1.312h2.625a.656.656 0 000-1.313z"/><path fill="white" stroke="none" pid="1" d="M14.438 2.625h-2.626v-.656a.656.656 0 00-.656-.657H9.732A1.974 1.974 0 007.875 0C7.019 0 6.29.549 6.018 1.313H4.594a.656.656 0 00-.657.656v.656H1.313C.589 2.625 0 3.215 0 3.938v15.75C0 20.41.59 21 1.313 21h13.124c.724 0 1.313-.59 1.313-1.313V3.938c0-.723-.59-1.312-1.313-1.312zm-9.188 0h1.313a.656.656 0 00.656-.656.656.656 0 011.312 0c0 .362.294.656.656.656H10.5v1.313H5.25V2.625zm9.188 17.063H1.312V3.938h2.625v.656c0 .362.294.656.657.656h6.562a.656.656 0 00.656-.656v-.657h2.626v15.75z"/></svg> <div class="closing-icon" style="display:none;" data-v-344dcb9e><svg version="1.1" viewBox="0 0 18 18" class="remove-icon svg-icon svg-fill" style="width:10px;height:10px;" data-v-344dcb9e><path fill="#fff" stroke="none" pid="0" fill="#333" d="M17.755 1.814A.699.699 0 0018 1.273a.738.738 0 00-.245-.554.803.803 0 00-.573-.219.855.855 0 00-.587.219L9 7.905 1.39.719A.797.797 0 00.818.5a.855.855 0 00-.586.219.758.758 0 00-.232.554c0 .213.077.394.232.54L7.841 9l-7.61 7.173a.761.761 0 00-.231.554c0 .214.077.394.232.541.165.155.36.232.586.232a.78.78 0 00.573-.232L9 10.095l7.595 7.173c.165.155.36.232.587.232a.781.781 0 00.573-.232.697.697 0 00.245-.54c0-.215-.081-.4-.245-.555L10.159 9l7.596-7.186z" fill-rule="evenodd"/></svg></div></div> <div class="wishlist-item-wrapper" data-v-b9033f4a data-v-f16d327c><div class="scroll" data-v-b9033f4a><div data-v-9444bd58 data-v-b9033f4a></div> <!----></div> <div class="wishlist-dropdown-link" data-v-b9033f4a><div data-v-697dda27 data-v-b9033f4a><div class="wishlist-link" data-v-697dda27><a data-v-697dda27>Create new wishlist</a></div> <div class="wishlist-link" data-v-697dda27><a data-v-697dda27>Manage wishlists</a></div></div></div></div></div></div></div></div></div><div class="swiper-slide cms-product-cards-carousel-slide" data-v-6dc1bbe5><div class="product-card-container" data-v-4eb474b4 data-v-6dc1bbe5><div class="product-card-wrapper" data-v-4eb474b4><div class="product-card" data-v-4eb474b4><div data-v-4eb474b4><div class="wishlist-wrapper" data-v-2ece9c9d><div class="wishlist-banner" style="display:none;" data-v-2ece9c9d><span data-v-2ece9c9d>
            
        </span> <!----></div> <div class="wishlist-icon dense-grid-layout" style="display:none;" data-v-2ece9c9d><span style="display:none;" data-v-2ece9c9d>Add to wishlist</span> <svg version="1.1" viewBox="0 0 16 21" class="icon svg-icon svg-fill" style="width:16px;height:21px;" data-v-2ece9c9d><path fill="#737373" stroke="none" pid="0" d="M7.683 8.068a.658.658 0 00-.929-.001l-2.16 2.161-.848-.849a.657.657 0 00-.928.928L4.13 11.62a.66.66 0 00.928.001l2.625-2.625a.657.657 0 000-.928zm0 5.25a.658.658 0 00-.929-.001l-2.16 2.161-.848-.848a.657.657 0 00-.928.928l1.312 1.313a.654.654 0 00.928 0l2.625-2.625a.657.657 0 000-.928zm4.786-4.13H9.844a.656.656 0 000 1.312h2.625a.656.656 0 000-1.313zm0 5.25H9.844a.656.656 0 000 1.312h2.625a.656.656 0 000-1.313z"/><path fill="#737373" stroke="none" pid="1" d="M14.438 2.625h-2.626v-.656a.656.656 0 00-.656-.657H9.732A1.974 1.974 0 007.875 0C7.019 0 6.29.549 6.018 1.313H4.594a.656.656 0 00-.657.656v.656H1.313C.589 2.625 0 3.215 0 3.938v15.75C0 20.41.59 21 1.313 21h13.124c.724 0 1.313-.59 1.313-1.313V3.938c0-.723-.59-1.312-1.313-1.312zm-9.188 0h1.313a.656.656 0 00.656-.656.656.656 0 011.312 0c0 .362.294.656.656.656H10.5v1.313H5.25V2.625zm9.188 17.063H1.312V3.938h2.625v.656c0 .362.294.656.657.656h6.562a.656.656 0 00.656-.656v-.657h2.626v15.75z"/></svg></div></div> <!----></div> <div class="product-card-event-label-wrapper" data-v-4eb474b4><!----></div> <div class="product-card-content" data-v-4eb474b4><a href="/us_en/chocolate-cappuccino-panettone" class="product-link" data-v-4eb474b4><div class="product-card-image-name-manufacturer" data-v-4eb474b4><div class="product-card-image" data-v-4eb474b4><img width="200" height="200" alt="White Chocolate &amp; Caramel Panettone" src="https://www.eataly.com/media/catalog/product/a/d/adobe_express_-_file_26__2.jpg" loading="lazy" class="product-image" data-v-4eb474b4> <div class="product-badge product-badge product-badge--discount" data-v-608c9b3f data-v-4eb474b4><span data-v-608c9b3f>Offer -20%</span></div></div> <div class="name-manufacturer" data-v-4eb474b4><div data-test-e2e="product-card-product-name" class="product-card-name" data-v-4eb474b4><span data-v-4eb474b4>
                                    White Chocolate &amp; Caramel Panettone
                                </span></div> <div class="product-card-manufacturer" data-v-4eb474b4><!----> <span data-v-4eb474b4>
                                    Bonifanti
                                </span></div> <!----></div></div></a> <div class="product-card-price-add-info" data-v-4eb474b4><!----> <div class="add-info" data-v-4eb474b4><div class="product-card-info" data-v-4eb474b4><div class="item-info" data-v-4eb474b4><div data-v-4eb474b4>$1,46/Oz</div> <div data-v-4eb474b4>26 Oz</div></div> <div class="price" data-v-4eb474b4><div class="original-price" data-v-4eb474b4>
                                    $47.49
                                </div> <div class="final-price" data-v-4eb474b4>$37.99</div></div></div> <div class="product-card-add" data-v-4eb474b4><div data-test-e2e="add-to-cart-button" class="button-wrapper add-to-cart-button dense-grid-layout" data-v-1956333b data-v-4eb474b4><div data-test-e2e="add-to-cart-no-items" tabindex="0" role="button" class="button-no-items a11y-focus-standard" data-v-1956333b><!----> <div class="no-items-label dense-grid-layout" data-v-1956333b><svg version="1.1" viewBox="0 0 388 339" class="cart-icon svg-icon svg-fill" style="width:17px;height:15px;" data-v-1956333b><path fill="#fff" stroke="none" pid="0" id="Layer" fill-rule="evenodd" d="M128.11 224.12c-2.84 0-5.57 1.13-7.58 3.14a10.726 10.726 0 00-3.14 7.58c0 2.84 1.13 5.57 3.14 7.58 2.01 2.01 4.74 3.14 7.58 3.14h196.36c2.84 0 5.57 1.13 7.58 3.14 2.01 2.01 3.14 4.74 3.14 7.58s-1.13 5.57-3.14 7.58a10.726 10.726 0 01-7.58 3.14H128.11c-7.45.11-14.71-2.38-20.53-7.04a32.081 32.081 0 01-11.36-18.5 32.04 32.04 0 013-21.49c3.46-6.6 9.12-11.79 15.99-14.68-2.05-9.14-37.73-168.1-39.1-174.22H19.8c-2.84 0-5.57-1.13-7.58-3.14a10.726 10.726 0 01-3.14-7.58c0-2.84 1.13-5.57 3.14-7.58 2.01-2.01 4.74-3.14 7.58-3.14h65c1.22-.01 2.42.19 3.57.59 1.15.4 2.23.99 3.18 1.74.96.76 1.77 1.67 2.42 2.7.65 1.02 1.13 2.15 1.4 3.34l7.74 34.52h264.67a10.708 10.708 0 014.82 1.12c.75.37 1.46.83 2.1 1.36.64.53 1.22 1.13 1.73 1.79.5.66.93 1.37 1.26 2.13.34.75.59 1.55.74 2.36a10.555 10.555 0 01-.24 4.91l-43.31 150.13c-.33 1.12-.83 2.17-1.5 3.13-.66.95-1.48 1.8-2.41 2.49-.93.7-1.97 1.24-3.08 1.6-1.1.37-2.26.55-3.42.55H128.08l.03.03zm8.69-22.48h179.5L353.43 73H107.92l28.88 128.64z" fill="#000"/><path fill="#fff" stroke="none" pid="1" id="Layer" fill-rule="evenodd" d="M178.07 298.32c0 17.74-14.21 32.17-31.68 32.17s-31.68-14.43-31.68-32.17c0-17.74 14.21-32.17 31.68-32.17s31.68 14.43 31.68 32.17zm-27.98 9.94c1.18-.48 2.25-1.2 3.14-2.1.9-.89 1.62-1.96 2.1-3.14.49-1.17.74-2.43.74-3.7 0-3.92-2.36-7.44-5.98-8.94a9.66 9.66 0 00-10.54 2.1 9.66 9.66 0 00-2.1 10.54 9.672 9.672 0 008.94 5.98c1.27 0 2.53-.25 3.7-.74zM304.69 267c17.47 0 31.67 14.4 31.67 32.14 0 17.74-14.21 32.17-31.68 32.17S273 316.88 273 299.14c0-17.73 14.22-32.14 31.69-32.14zm-.3 22.71a9.7 9.7 0 00-3.68.73 9.534 9.534 0 00-3.12 2.08c-.9.89-1.6 1.95-2.09 3.12a9.7 9.7 0 00-.73 3.68 9.61 9.61 0 005.93 8.88c3.59 1.49 7.73.66 10.48-2.08a9.632 9.632 0 002.08-10.48 9.61 9.61 0 00-8.88-5.93h.01z" fill="#000"/></svg> <span class="cart-icon-text" data-v-1956333b>Add to cart</span></div></div></div></div></div></div></div></div> <div class="product-card-back" data-v-4eb474b4><div class="wishlist-drop-down-wrapper" style="display:none;" data-v-f16d327c data-v-4eb474b4><div class="wishlist-drop-down-banner" data-v-344dcb9e data-v-f16d327c>
    Choose a wishlist
    <svg version="1.1" viewBox="0 0 16 21" class="icon svg-icon svg-fill" style="width:16px;height:21px;" data-v-344dcb9e><path fill="white" stroke="none" pid="0" d="M7.683 8.068a.658.658 0 00-.929-.001l-2.16 2.161-.848-.849a.657.657 0 00-.928.928L4.13 11.62a.66.66 0 00.928.001l2.625-2.625a.657.657 0 000-.928zm0 5.25a.658.658 0 00-.929-.001l-2.16 2.161-.848-.848a.657.657 0 00-.928.928l1.312 1.313a.654.654 0 00.928 0l2.625-2.625a.657.657 0 000-.928zm4.786-4.13H9.844a.656.656 0 000 1.312h2.625a.656.656 0 000-1.313zm0 5.25H9.844a.656.656 0 000 1.312h2.625a.656.656 0 000-1.313z"/><path fill="white" stroke="none" pid="1" d="M14.438 2.625h-2.626v-.656a.656.656 0 00-.656-.657H9.732A1.974 1.974 0 007.875 0C7.019 0 6.29.549 6.018 1.313H4.594a.656.656 0 00-.657.656v.656H1.313C.589 2.625 0 3.215 0 3.938v15.75C0 20.41.59 21 1.313 21h13.124c.724 0 1.313-.59 1.313-1.313V3.938c0-.723-.59-1.312-1.313-1.312zm-9.188 0h1.313a.656.656 0 00.656-.656.656.656 0 011.312 0c0 .362.294.656.656.656H10.5v1.313H5.25V2.625zm9.188 17.063H1.312V3.938h2.625v.656c0 .362.294.656.657.656h6.562a.656.656 0 00.656-.656v-.657h2.626v15.75z"/></svg> <div class="closing-icon" style="display:none;" data-v-344dcb9e><svg version="1.1" viewBox="0 0 18 18" class="remove-icon svg-icon svg-fill" style="width:10px;height:10px;" data-v-344dcb9e><path fill="#fff" stroke="none" pid="0" fill="#333" d="M17.755 1.814A.699.699 0 0018 1.273a.738.738 0 00-.245-.554.803.803 0 00-.573-.219.855.855 0 00-.587.219L9 7.905 1.39.719A.797.797 0 00.818.5a.855.855 0 00-.586.219.758.758 0 00-.232.554c0 .213.077.394.232.54L7.841 9l-7.61 7.173a.761.761 0 00-.231.554c0 .214.077.394.232.541.165.155.36.232.586.232a.78.78 0 00.573-.232L9 10.095l7.595 7.173c.165.155.36.232.587.232a.781.781 0 00.573-.232.697.697 0 00.245-.54c0-.215-.081-.4-.245-.555L10.159 9l7.596-7.186z" fill-rule="evenodd"/></svg></div></div> <div class="wishlist-item-wrapper" data-v-b9033f4a data-v-f16d327c><div class="scroll" data-v-b9033f4a><div data-v-9444bd58 data-v-b9033f4a></div> <!----></div> <div class="wishlist-dropdown-link" data-v-b9033f4a><div data-v-697dda27 data-v-b9033f4a><div class="wishlist-link" data-v-697dda27><a data-v-697dda27>Create new wishlist</a></div> <div class="wishlist-link" data-v-697dda27><a data-v-697dda27>Manage wishlists</a></div></div></div></div></div></div></div></div></div><div class="swiper-slide cms-product-cards-carousel-slide" data-v-6dc1bbe5><div class="product-card-container" data-v-4eb474b4 data-v-6dc1bbe5><div class="product-card-wrapper" data-v-4eb474b4><div class="product-card" data-v-4eb474b4><div data-v-4eb474b4><div class="wishlist-wrapper" data-v-2ece9c9d><div class="wishlist-banner" style="display:none;" data-v-2ece9c9d><span data-v-2ece9c9d>
            
        </span> <!----></div> <div class="wishlist-icon dense-grid-layout" style="display:none;" data-v-2ece9c9d><span style="display:none;" data-v-2ece9c9d>Add to wishlist</span> <svg version="1.1" viewBox="0 0 16 21" class="icon svg-icon svg-fill" style="width:16px;height:21px;" data-v-2ece9c9d><path fill="#737373" stroke="none" pid="0" d="M7.683 8.068a.658.658 0 00-.929-.001l-2.16 2.161-.848-.849a.657.657 0 00-.928.928L4.13 11.62a.66.66 0 00.928.001l2.625-2.625a.657.657 0 000-.928zm0 5.25a.658.658 0 00-.929-.001l-2.16 2.161-.848-.848a.657.657 0 00-.928.928l1.312 1.313a.654.654 0 00.928 0l2.625-2.625a.657.657 0 000-.928zm4.786-4.13H9.844a.656.656 0 000 1.312h2.625a.656.656 0 000-1.313zm0 5.25H9.844a.656.656 0 000 1.312h2.625a.656.656 0 000-1.313z"/><path fill="#737373" stroke="none" pid="1" d="M14.438 2.625h-2.626v-.656a.656.656 0 00-.656-.657H9.732A1.974 1.974 0 007.875 0C7.019 0 6.29.549 6.018 1.313H4.594a.656.656 0 00-.657.656v.656H1.313C.589 2.625 0 3.215 0 3.938v15.75C0 20.41.59 21 1.313 21h13.124c.724 0 1.313-.59 1.313-1.313V3.938c0-.723-.59-1.312-1.313-1.312zm-9.188 0h1.313a.656.656 0 00.656-.656.656.656 0 011.312 0c0 .362.294.656.656.656H10.5v1.313H5.25V2.625zm9.188 17.063H1.312V3.938h2.625v.656c0 .362.294.656.657.656h6.562a.656.656 0 00.656-.656v-.657h2.626v15.75z"/></svg></div></div> <!----></div> <div class="product-card-event-label-wrapper" data-v-4eb474b4><!----></div> <div class="product-card-content" data-v-4eb474b4><a href="/us_en/vergani-vegan-chocolate-panettone-26-4-oz" class="product-link" data-v-4eb474b4><div class="product-card-image-name-manufacturer" data-v-4eb474b4><div class="product-card-image" data-v-4eb474b4><img width="200" height="200" alt="Vegan Chocolate Panettone" src="https://www.eataly.com/media/catalog/product/v/e/vergani-vegan-chocolate-panettone-26-4-oz_thumbnail.jpg" loading="lazy" class="product-image" data-v-4eb474b4> <div class="product-badge product-badge product-badge--discount" data-v-608c9b3f data-v-4eb474b4><span data-v-608c9b3f>Offer -20%</span></div></div> <div class="name-manufacturer" data-v-4eb474b4><div data-test-e2e="product-card-product-name" class="product-card-name" data-v-4eb474b4><span data-v-4eb474b4>
                                    Vegan Chocolate Panettone
                                </span></div> <div class="product-card-manufacturer" data-v-4eb474b4><!----> <span data-v-4eb474b4>
                                    Vergani
                                </span></div> <!----></div></div></a> <div class="product-card-price-add-info" data-v-4eb474b4><!----> <div class="add-info" data-v-4eb474b4><div class="product-card-info" data-v-4eb474b4><div class="item-info" data-v-4eb474b4><div data-v-4eb474b4>$1,33/Oz</div> <div data-v-4eb474b4>26.4 Oz</div></div> <div class="price" data-v-4eb474b4><div class="original-price" data-v-4eb474b4>
                                    $43.99
                                </div> <div class="final-price" data-v-4eb474b4>$35.19</div></div></div> <div class="product-card-add" data-v-4eb474b4><div data-test-e2e="add-to-cart-button" class="button-wrapper add-to-cart-button dense-grid-layout" data-v-1956333b data-v-4eb474b4><div data-test-e2e="add-to-cart-no-items" tabindex="0" role="button" class="button-no-items a11y-focus-standard" data-v-1956333b><!----> <div class="no-items-label dense-grid-layout" data-v-1956333b><svg version="1.1" viewBox="0 0 388 339" class="cart-icon svg-icon svg-fill" style="width:17px;height:15px;" data-v-1956333b><path fill="#fff" stroke="none" pid="0" id="Layer" fill-rule="evenodd" d="M128.11 224.12c-2.84 0-5.57 1.13-7.58 3.14a10.726 10.726 0 00-3.14 7.58c0 2.84 1.13 5.57 3.14 7.58 2.01 2.01 4.74 3.14 7.58 3.14h196.36c2.84 0 5.57 1.13 7.58 3.14 2.01 2.01 3.14 4.74 3.14 7.58s-1.13 5.57-3.14 7.58a10.726 10.726 0 01-7.58 3.14H128.11c-7.45.11-14.71-2.38-20.53-7.04a32.081 32.081 0 01-11.36-18.5 32.04 32.04 0 013-21.49c3.46-6.6 9.12-11.79 15.99-14.68-2.05-9.14-37.73-168.1-39.1-174.22H19.8c-2.84 0-5.57-1.13-7.58-3.14a10.726 10.726 0 01-3.14-7.58c0-2.84 1.13-5.57 3.14-7.58 2.01-2.01 4.74-3.14 7.58-3.14h65c1.22-.01 2.42.19 3.57.59 1.15.4 2.23.99 3.18 1.74.96.76 1.77 1.67 2.42 2.7.65 1.02 1.13 2.15 1.4 3.34l7.74 34.52h264.67a10.708 10.708 0 014.82 1.12c.75.37 1.46.83 2.1 1.36.64.53 1.22 1.13 1.73 1.79.5.66.93 1.37 1.26 2.13.34.75.59 1.55.74 2.36a10.555 10.555 0 01-.24 4.91l-43.31 150.13c-.33 1.12-.83 2.17-1.5 3.13-.66.95-1.48 1.8-2.41 2.49-.93.7-1.97 1.24-3.08 1.6-1.1.37-2.26.55-3.42.55H128.08l.03.03zm8.69-22.48h179.5L353.43 73H107.92l28.88 128.64z" fill="#000"/><path fill="#fff" stroke="none" pid="1" id="Layer" fill-rule="evenodd" d="M178.07 298.32c0 17.74-14.21 32.17-31.68 32.17s-31.68-14.43-31.68-32.17c0-17.74 14.21-32.17 31.68-32.17s31.68 14.43 31.68 32.17zm-27.98 9.94c1.18-.48 2.25-1.2 3.14-2.1.9-.89 1.62-1.96 2.1-3.14.49-1.17.74-2.43.74-3.7 0-3.92-2.36-7.44-5.98-8.94a9.66 9.66 0 00-10.54 2.1 9.66 9.66 0 00-2.1 10.54 9.672 9.672 0 008.94 5.98c1.27 0 2.53-.25 3.7-.74zM304.69 267c17.47 0 31.67 14.4 31.67 32.14 0 17.74-14.21 32.17-31.68 32.17S273 316.88 273 299.14c0-17.73 14.22-32.14 31.69-32.14zm-.3 22.71a9.7 9.7 0 00-3.68.73 9.534 9.534 0 00-3.12 2.08c-.9.89-1.6 1.95-2.09 3.12a9.7 9.7 0 00-.73 3.68 9.61 9.61 0 005.93 8.88c3.59 1.49 7.73.66 10.48-2.08a9.632 9.632 0 002.08-10.48 9.61 9.61 0 00-8.88-5.93h.01z" fill="#000"/></svg> <span class="cart-icon-text" data-v-1956333b>Add to cart</span></div></div></div></div></div></div></div></div> <div class="product-card-back" data-v-4eb474b4><div class="wishlist-drop-down-wrapper" style="display:none;" data-v-f16d327c data-v-4eb474b4><div class="wishlist-drop-down-banner" data-v-344dcb9e data-v-f16d327c>
    Choose a wishlist
    <svg version="1.1" viewBox="0 0 16 21" class="icon svg-icon svg-fill" style="width:16px;height:21px;" data-v-344dcb9e><path fill="white" stroke="none" pid="0" d="M7.683 8.068a.658.658 0 00-.929-.001l-2.16 2.161-.848-.849a.657.657 0 00-.928.928L4.13 11.62a.66.66 0 00.928.001l2.625-2.625a.657.657 0 000-.928zm0 5.25a.658.658 0 00-.929-.001l-2.16 2.161-.848-.848a.657.657 0 00-.928.928l1.312 1.313a.654.654 0 00.928 0l2.625-2.625a.657.657 0 000-.928zm4.786-4.13H9.844a.656.656 0 000 1.312h2.625a.656.656 0 000-1.313zm0 5.25H9.844a.656.656 0 000 1.312h2.625a.656.656 0 000-1.313z"/><path fill="white" stroke="none" pid="1" d="M14.438 2.625h-2.626v-.656a.656.656 0 00-.656-.657H9.732A1.974 1.974 0 007.875 0C7.019 0 6.29.549 6.018 1.313H4.594a.656.656 0 00-.657.656v.656H1.313C.589 2.625 0 3.215 0 3.938v15.75C0 20.41.59 21 1.313 21h13.124c.724 0 1.313-.59 1.313-1.313V3.938c0-.723-.59-1.312-1.313-1.312zm-9.188 0h1.313a.656.656 0 00.656-.656.656.656 0 011.312 0c0 .362.294.656.656.656H10.5v1.313H5.25V2.625zm9.188 17.063H1.312V3.938h2.625v.656c0 .362.294.656.657.656h6.562a.656.656 0 00.656-.656v-.657h2.626v15.75z"/></svg> <div class="closing-icon" style="display:none;" data-v-344dcb9e><svg version="1.1" viewBox="0 0 18 18" class="remove-icon svg-icon svg-fill" style="width:10px;height:10px;" data-v-344dcb9e><path fill="#fff" stroke="none" pid="0" fill="#333" d="M17.755 1.814A.699.699 0 0018 1.273a.738.738 0 00-.245-.554.803.803 0 00-.573-.219.855.855 0 00-.587.219L9 7.905 1.39.719A.797.797 0 00.818.5a.855.855 0 00-.586.219.758.758 0 00-.232.554c0 .213.077.394.232.54L7.841 9l-7.61 7.173a.761.761 0 00-.231.554c0 .214.077.394.232.541.165.155.36.232.586.232a.78.78 0 00.573-.232L9 10.095l7.595 7.173c.165.155.36.232.587.232a.781.781 0 00.573-.232.697.697 0 00.245-.54c0-.215-.081-.4-.245-.555L10.159 9l7.596-7.186z" fill-rule="evenodd"/></svg></div></div> <div class="wishlist-item-wrapper" data-v-b9033f4a data-v-f16d327c><div class="scroll" data-v-b9033f4a><div data-v-9444bd58 data-v-b9033f4a></div> <!----></div> <div class="wishlist-dropdown-link" data-v-b9033f4a><div data-v-697dda27 data-v-b9033f4a><div class="wishlist-link" data-v-697dda27><a data-v-697dda27>Create new wishlist</a></div> <div class="wishlist-link" data-v-697dda27><a data-v-697dda27>Manage wishlists</a></div></div></div></div></div></div></div></div></div><div class="swiper-slide cms-product-cards-carousel-slide" data-v-6dc1bbe5><div class="product-card-container" data-v-4eb474b4 data-v-6dc1bbe5><div class="product-card-wrapper" data-v-4eb474b4><div class="product-card" data-v-4eb474b4><div data-v-4eb474b4><div class="wishlist-wrapper" data-v-2ece9c9d><div class="wishlist-banner" style="display:none;" data-v-2ece9c9d><span data-v-2ece9c9d>
            
        </span> <!----></div> <div class="wishlist-icon dense-grid-layout" style="display:none;" data-v-2ece9c9d><span style="display:none;" data-v-2ece9c9d>Add to wishlist</span> <svg version="1.1" viewBox="0 0 16 21" class="icon svg-icon svg-fill" style="width:16px;height:21px;" data-v-2ece9c9d><path fill="#737373" stroke="none" pid="0" d="M7.683 8.068a.658.658 0 00-.929-.001l-2.16 2.161-.848-.849a.657.657 0 00-.928.928L4.13 11.62a.66.66 0 00.928.001l2.625-2.625a.657.657 0 000-.928zm0 5.25a.658.658 0 00-.929-.001l-2.16 2.161-.848-.848a.657.657 0 00-.928.928l1.312 1.313a.654.654 0 00.928 0l2.625-2.625a.657.657 0 000-.928zm4.786-4.13H9.844a.656.656 0 000 1.312h2.625a.656.656 0 000-1.313zm0 5.25H9.844a.656.656 0 000 1.312h2.625a.656.656 0 000-1.313z"/><path fill="#737373" stroke="none" pid="1" d="M14.438 2.625h-2.626v-.656a.656.656 0 00-.656-.657H9.732A1.974 1.974 0 007.875 0C7.019 0 6.29.549 6.018 1.313H4.594a.656.656 0 00-.657.656v.656H1.313C.589 2.625 0 3.215 0 3.938v15.75C0 20.41.59 21 1.313 21h13.124c.724 0 1.313-.59 1.313-1.313V3.938c0-.723-.59-1.312-1.313-1.312zm-9.188 0h1.313a.656.656 0 00.656-.656.656.656 0 011.312 0c0 .362.294.656.656.656H10.5v1.313H5.25V2.625zm9.188 17.063H1.312V3.938h2.625v.656c0 .362.294.656.657.656h6.562a.656.656 0 00.656-.656v-.657h2.626v15.75z"/></svg></div></div> <!----></div> <div class="product-card-event-label-wrapper" data-v-4eb474b4><!----></div> <div class="product-card-content" data-v-4eb474b4><a href="/us_en/amarena-cream-chocolate-panettone" class="product-link" data-v-4eb474b4><div class="product-card-image-name-manufacturer" data-v-4eb474b4><div class="product-card-image" data-v-4eb474b4><img width="200" height="200" alt="Amarena Cream &amp; Chocolate Panettone" src="https://www.eataly.com/media/catalog/product/a/d/adobe_express_-_file_9__4.jpg" loading="lazy" class="product-image" data-v-4eb474b4> <div class="product-badge product-badge product-badge--discount" data-v-608c9b3f data-v-4eb474b4><span data-v-608c9b3f>Offer -20%</span></div></div> <div class="name-manufacturer" data-v-4eb474b4><div data-test-e2e="product-card-product-name" class="product-card-name" data-v-4eb474b4><span data-v-4eb474b4>
                                    Amarena Cream &amp; Chocolate Panettone
                                </span></div> <div class="product-card-manufacturer" data-v-4eb474b4><!----> <span data-v-4eb474b4>
                                    Tommaso Muzzi
                                </span></div> <!----></div></div></a> <div class="product-card-price-add-info" data-v-4eb474b4><!----> <div class="add-info" data-v-4eb474b4><div class="product-card-info" data-v-4eb474b4><div class="item-info" data-v-4eb474b4><div data-v-4eb474b4>$1,09/Oz</div> <div data-v-4eb474b4>18 Oz</div></div> <div class="price" data-v-4eb474b4><div class="original-price" data-v-4eb474b4>
                                    $24.49
                                </div> <div class="final-price" data-v-4eb474b4>$19.59</div></div></div> <div class="product-card-add" data-v-4eb474b4><div data-test-e2e="add-to-cart-button" class="button-wrapper add-to-cart-button dense-grid-layout" data-v-1956333b data-v-4eb474b4><div data-test-e2e="add-to-cart-no-items" tabindex="0" role="button" class="button-no-items a11y-focus-standard" data-v-1956333b><!----> <div class="no-items-label dense-grid-layout" data-v-1956333b><svg version="1.1" viewBox="0 0 388 339" class="cart-icon svg-icon svg-fill" style="width:17px;height:15px;" data-v-1956333b><path fill="#fff" stroke="none" pid="0" id="Layer" fill-rule="evenodd" d="M128.11 224.12c-2.84 0-5.57 1.13-7.58 3.14a10.726 10.726 0 00-3.14 7.58c0 2.84 1.13 5.57 3.14 7.58 2.01 2.01 4.74 3.14 7.58 3.14h196.36c2.84 0 5.57 1.13 7.58 3.14 2.01 2.01 3.14 4.74 3.14 7.58s-1.13 5.57-3.14 7.58a10.726 10.726 0 01-7.58 3.14H128.11c-7.45.11-14.71-2.38-20.53-7.04a32.081 32.081 0 01-11.36-18.5 32.04 32.04 0 013-21.49c3.46-6.6 9.12-11.79 15.99-14.68-2.05-9.14-37.73-168.1-39.1-174.22H19.8c-2.84 0-5.57-1.13-7.58-3.14a10.726 10.726 0 01-3.14-7.58c0-2.84 1.13-5.57 3.14-7.58 2.01-2.01 4.74-3.14 7.58-3.14h65c1.22-.01 2.42.19 3.57.59 1.15.4 2.23.99 3.18 1.74.96.76 1.77 1.67 2.42 2.7.65 1.02 1.13 2.15 1.4 3.34l7.74 34.52h264.67a10.708 10.708 0 014.82 1.12c.75.37 1.46.83 2.1 1.36.64.53 1.22 1.13 1.73 1.79.5.66.93 1.37 1.26 2.13.34.75.59 1.55.74 2.36a10.555 10.555 0 01-.24 4.91l-43.31 150.13c-.33 1.12-.83 2.17-1.5 3.13-.66.95-1.48 1.8-2.41 2.49-.93.7-1.97 1.24-3.08 1.6-1.1.37-2.26.55-3.42.55H128.08l.03.03zm8.69-22.48h179.5L353.43 73H107.92l28.88 128.64z" fill="#000"/><path fill="#fff" stroke="none" pid="1" id="Layer" fill-rule="evenodd" d="M178.07 298.32c0 17.74-14.21 32.17-31.68 32.17s-31.68-14.43-31.68-32.17c0-17.74 14.21-32.17 31.68-32.17s31.68 14.43 31.68 32.17zm-27.98 9.94c1.18-.48 2.25-1.2 3.14-2.1.9-.89 1.62-1.96 2.1-3.14.49-1.17.74-2.43.74-3.7 0-3.92-2.36-7.44-5.98-8.94a9.66 9.66 0 00-10.54 2.1 9.66 9.66 0 00-2.1 10.54 9.672 9.672 0 008.94 5.98c1.27 0 2.53-.25 3.7-.74zM304.69 267c17.47 0 31.67 14.4 31.67 32.14 0 17.74-14.21 32.17-31.68 32.17S273 316.88 273 299.14c0-17.73 14.22-32.14 31.69-32.14zm-.3 22.71a9.7 9.7 0 00-3.68.73 9.534 9.534 0 00-3.12 2.08c-.9.89-1.6 1.95-2.09 3.12a9.7 9.7 0 00-.73 3.68 9.61 9.61 0 005.93 8.88c3.59 1.49 7.73.66 10.48-2.08a9.632 9.632 0 002.08-10.48 9.61 9.61 0 00-8.88-5.93h.01z" fill="#000"/></svg> <span class="cart-icon-text" data-v-1956333b>Add to cart</span></div></div></div></div></div></div></div></div> <div class="product-card-back" data-v-4eb474b4><div class="wishlist-drop-down-wrapper" style="display:none;" data-v-f16d327c data-v-4eb474b4><div class="wishlist-drop-down-banner" data-v-344dcb9e data-v-f16d327c>
    Choose a wishlist
    <svg version="1.1" viewBox="0 0 16 21" class="icon svg-icon svg-fill" style="width:16px;height:21px;" data-v-344dcb9e><path fill="white" stroke="none" pid="0" d="M7.683 8.068a.658.658 0 00-.929-.001l-2.16 2.161-.848-.849a.657.657 0 00-.928.928L4.13 11.62a.66.66 0 00.928.001l2.625-2.625a.657.657 0 000-.928zm0 5.25a.658.658 0 00-.929-.001l-2.16 2.161-.848-.848a.657.657 0 00-.928.928l1.312 1.313a.654.654 0 00.928 0l2.625-2.625a.657.657 0 000-.928zm4.786-4.13H9.844a.656.656 0 000 1.312h2.625a.656.656 0 000-1.313zm0 5.25H9.844a.656.656 0 000 1.312h2.625a.656.656 0 000-1.313z"/><path fill="white" stroke="none" pid="1" d="M14.438 2.625h-2.626v-.656a.656.656 0 00-.656-.657H9.732A1.974 1.974 0 007.875 0C7.019 0 6.29.549 6.018 1.313H4.594a.656.656 0 00-.657.656v.656H1.313C.589 2.625 0 3.215 0 3.938v15.75C0 20.41.59 21 1.313 21h13.124c.724 0 1.313-.59 1.313-1.313V3.938c0-.723-.59-1.312-1.313-1.312zm-9.188 0h1.313a.656.656 0 00.656-.656.656.656 0 011.312 0c0 .362.294.656.656.656H10.5v1.313H5.25V2.625zm9.188 17.063H1.312V3.938h2.625v.656c0 .362.294.656.657.656h6.562a.656.656 0 00.656-.656v-.657h2.626v15.75z"/></svg> <div class="closing-icon" style="display:none;" data-v-344dcb9e><svg version="1.1" viewBox="0 0 18 18" class="remove-icon svg-icon svg-fill" style="width:10px;height:10px;" data-v-344dcb9e><path fill="#fff" stroke="none" pid="0" fill="#333" d="M17.755 1.814A.699.699 0 0018 1.273a.738.738 0 00-.245-.554.803.803 0 00-.573-.219.855.855 0 00-.587.219L9 7.905 1.39.719A.797.797 0 00.818.5a.855.855 0 00-.586.219.758.758 0 00-.232.554c0 .213.077.394.232.54L7.841 9l-7.61 7.173a.761.761 0 00-.231.554c0 .214.077.394.232.541.165.155.36.232.586.232a.78.78 0 00.573-.232L9 10.095l7.595 7.173c.165.155.36.232.587.232a.781.781 0 00.573-.232.697.697 0 00.245-.54c0-.215-.081-.4-.245-.555L10.159 9l7.596-7.186z" fill-rule="evenodd"/></svg></div></div> <div class="wishlist-item-wrapper" data-v-b9033f4a data-v-f16d327c><div class="scroll" data-v-b9033f4a><div data-v-9444bd58 data-v-b9033f4a></div> <!----></div> <div class="wishlist-dropdown-link" data-v-b9033f4a><div data-v-697dda27 data-v-b9033f4a><div class="wishlist-link" data-v-697dda27><a data-v-697dda27>Create new wishlist</a></div> <div class="wishlist-link" data-v-697dda27><a data-v-697dda27>Manage wishlists</a></div></div></div></div></div></div></div></div></div><div class="swiper-slide cms-product-cards-carousel-slide" data-v-6dc1bbe5><div class="product-card-container" data-v-4eb474b4 data-v-6dc1bbe5><div class="product-card-wrapper" data-v-4eb474b4><div class="product-card" data-v-4eb474b4><div data-v-4eb474b4><div class="wishlist-wrapper" data-v-2ece9c9d><div class="wishlist-banner" style="display:none;" data-v-2ece9c9d><span data-v-2ece9c9d>
            
        </span> <!----></div> <div class="wishlist-icon dense-grid-layout" style="display:none;" data-v-2ece9c9d><span style="display:none;" data-v-2ece9c9d>Add to wishlist</span> <svg version="1.1" viewBox="0 0 16 21" class="icon svg-icon svg-fill" style="width:16px;height:21px;" data-v-2ece9c9d><path fill="#737373" stroke="none" pid="0" d="M7.683 8.068a.658.658 0 00-.929-.001l-2.16 2.161-.848-.849a.657.657 0 00-.928.928L4.13 11.62a.66.66 0 00.928.001l2.625-2.625a.657.657 0 000-.928zm0 5.25a.658.658 0 00-.929-.001l-2.16 2.161-.848-.848a.657.657 0 00-.928.928l1.312 1.313a.654.654 0 00.928 0l2.625-2.625a.657.657 0 000-.928zm4.786-4.13H9.844a.656.656 0 000 1.312h2.625a.656.656 0 000-1.313zm0 5.25H9.844a.656.656 0 000 1.312h2.625a.656.656 0 000-1.313z"/><path fill="#737373" stroke="none" pid="1" d="M14.438 2.625h-2.626v-.656a.656.656 0 00-.656-.657H9.732A1.974 1.974 0 007.875 0C7.019 0 6.29.549 6.018 1.313H4.594a.656.656 0 00-.657.656v.656H1.313C.589 2.625 0 3.215 0 3.938v15.75C0 20.41.59 21 1.313 21h13.124c.724 0 1.313-.59 1.313-1.313V3.938c0-.723-.59-1.312-1.313-1.312zm-9.188 0h1.313a.656.656 0 00.656-.656.656.656 0 011.312 0c0 .362.294.656.656.656H10.5v1.313H5.25V2.625zm9.188 17.063H1.312V3.938h2.625v.656c0 .362.294.656.657.656h6.562a.656.656 0 00.656-.656v-.657h2.626v15.75z"/></svg></div></div> <!----></div> <div class="product-card-event-label-wrapper" data-v-4eb474b4><!----></div> <div class="product-card-content" data-v-4eb474b4><a href="/us_en/eataly-classicpandoro-35-2-oz" class="product-link" data-v-4eb474b4><div class="product-card-image-name-manufacturer" data-v-4eb474b4><div class="product-card-image" data-v-4eb474b4><img width="200" height="200" alt="Classic Pandoro" src="https://www.eataly.com/media/catalog/product/a/d/adobe_express_-_file_13__2.jpg" loading="lazy" class="product-image" data-v-4eb474b4> <div class="product-badge product-badge product-badge--discount" data-v-608c9b3f data-v-4eb474b4><span data-v-608c9b3f>Offer -20%</span></div></div> <div class="name-manufacturer" data-v-4eb474b4><div data-test-e2e="product-card-product-name" class="product-card-name" data-v-4eb474b4><span data-v-4eb474b4>
                                    Classic Pandoro
                                </span></div> <div class="product-card-manufacturer" data-v-4eb474b4><!----> <span data-v-4eb474b4>
                                    Eataly
                                </span></div> <!----></div></div></a> <div class="product-card-price-add-info" data-v-4eb474b4><!----> <div class="add-info" data-v-4eb474b4><div class="product-card-info" data-v-4eb474b4><div class="item-info" data-v-4eb474b4><div data-v-4eb474b4>$1,02/Oz</div> <div data-v-4eb474b4>35.2 Oz</div></div> <div class="price" data-v-4eb474b4><div class="original-price" data-v-4eb474b4>
                                    $44.99
                                </div> <div class="final-price" data-v-4eb474b4>$35.99</div></div></div> <div class="product-card-add" data-v-4eb474b4><div data-test-e2e="add-to-cart-button" class="button-wrapper add-to-cart-button dense-grid-layout" data-v-1956333b data-v-4eb474b4><div data-test-e2e="add-to-cart-no-items" tabindex="0" role="button" class="button-no-items a11y-focus-standard" data-v-1956333b><!----> <div class="no-items-label dense-grid-layout" data-v-1956333b><svg version="1.1" viewBox="0 0 388 339" class="cart-icon svg-icon svg-fill" style="width:17px;height:15px;" data-v-1956333b><path fill="#fff" stroke="none" pid="0" id="Layer" fill-rule="evenodd" d="M128.11 224.12c-2.84 0-5.57 1.13-7.58 3.14a10.726 10.726 0 00-3.14 7.58c0 2.84 1.13 5.57 3.14 7.58 2.01 2.01 4.74 3.14 7.58 3.14h196.36c2.84 0 5.57 1.13 7.58 3.14 2.01 2.01 3.14 4.74 3.14 7.58s-1.13 5.57-3.14 7.58a10.726 10.726 0 01-7.58 3.14H128.11c-7.45.11-14.71-2.38-20.53-7.04a32.081 32.081 0 01-11.36-18.5 32.04 32.04 0 013-21.49c3.46-6.6 9.12-11.79 15.99-14.68-2.05-9.14-37.73-168.1-39.1-174.22H19.8c-2.84 0-5.57-1.13-7.58-3.14a10.726 10.726 0 01-3.14-7.58c0-2.84 1.13-5.57 3.14-7.58 2.01-2.01 4.74-3.14 7.58-3.14h65c1.22-.01 2.42.19 3.57.59 1.15.4 2.23.99 3.18 1.74.96.76 1.77 1.67 2.42 2.7.65 1.02 1.13 2.15 1.4 3.34l7.74 34.52h264.67a10.708 10.708 0 014.82 1.12c.75.37 1.46.83 2.1 1.36.64.53 1.22 1.13 1.73 1.79.5.66.93 1.37 1.26 2.13.34.75.59 1.55.74 2.36a10.555 10.555 0 01-.24 4.91l-43.31 150.13c-.33 1.12-.83 2.17-1.5 3.13-.66.95-1.48 1.8-2.41 2.49-.93.7-1.97 1.24-3.08 1.6-1.1.37-2.26.55-3.42.55H128.08l.03.03zm8.69-22.48h179.5L353.43 73H107.92l28.88 128.64z" fill="#000"/><path fill="#fff" stroke="none" pid="1" id="Layer" fill-rule="evenodd" d="M178.07 298.32c0 17.74-14.21 32.17-31.68 32.17s-31.68-14.43-31.68-32.17c0-17.74 14.21-32.17 31.68-32.17s31.68 14.43 31.68 32.17zm-27.98 9.94c1.18-.48 2.25-1.2 3.14-2.1.9-.89 1.62-1.96 2.1-3.14.49-1.17.74-2.43.74-3.7 0-3.92-2.36-7.44-5.98-8.94a9.66 9.66 0 00-10.54 2.1 9.66 9.66 0 00-2.1 10.54 9.672 9.672 0 008.94 5.98c1.27 0 2.53-.25 3.7-.74zM304.69 267c17.47 0 31.67 14.4 31.67 32.14 0 17.74-14.21 32.17-31.68 32.17S273 316.88 273 299.14c0-17.73 14.22-32.14 31.69-32.14zm-.3 22.71a9.7 9.7 0 00-3.68.73 9.534 9.534 0 00-3.12 2.08c-.9.89-1.6 1.95-2.09 3.12a9.7 9.7 0 00-.73 3.68 9.61 9.61 0 005.93 8.88c3.59 1.49 7.73.66 10.48-2.08a9.632 9.632 0 002.08-10.48 9.61 9.61 0 00-8.88-5.93h.01z" fill="#000"/></svg> <span class="cart-icon-text" data-v-1956333b>Add to cart</span></div></div></div></div></div></div></div></div> <div class="product-card-back" data-v-4eb474b4><div class="wishlist-drop-down-wrapper" style="display:none;" data-v-f16d327c data-v-4eb474b4><div class="wishlist-drop-down-banner" data-v-344dcb9e data-v-f16d327c>
    Choose a wishlist
    <svg version="1.1" viewBox="0 0 16 21" class="icon svg-icon svg-fill" style="width:16px;height:21px;" data-v-344dcb9e><path fill="white" stroke="none" pid="0" d="M7.683 8.068a.658.658 0 00-.929-.001l-2.16 2.161-.848-.849a.657.657 0 00-.928.928L4.13 11.62a.66.66 0 00.928.001l2.625-2.625a.657.657 0 000-.928zm0 5.25a.658.658 0 00-.929-.001l-2.16 2.161-.848-.848a.657.657 0 00-.928.928l1.312 1.313a.654.654 0 00.928 0l2.625-2.625a.657.657 0 000-.928zm4.786-4.13H9.844a.656.656 0 000 1.312h2.625a.656.656 0 000-1.313zm0 5.25H9.844a.656.656 0 000 1.312h2.625a.656.656 0 000-1.313z"/><path fill="white" stroke="none" pid="1" d="M14.438 2.625h-2.626v-.656a.656.656 0 00-.656-.657H9.732A1.974 1.974 0 007.875 0C7.019 0 6.29.549 6.018 1.313H4.594a.656.656 0 00-.657.656v.656H1.313C.589 2.625 0 3.215 0 3.938v15.75C0 20.41.59 21 1.313 21h13.124c.724 0 1.313-.59 1.313-1.313V3.938c0-.723-.59-1.312-1.313-1.312zm-9.188 0h1.313a.656.656 0 00.656-.656.656.656 0 011.312 0c0 .362.294.656.656.656H10.5v1.313H5.25V2.625zm9.188 17.063H1.312V3.938h2.625v.656c0 .362.294.656.657.656h6.562a.656.656 0 00.656-.656v-.657h2.626v15.75z"/></svg> <div class="closing-icon" style="display:none;" data-v-344dcb9e><svg version="1.1" viewBox="0 0 18 18" class="remove-icon svg-icon svg-fill" style="width:10px;height:10px;" data-v-344dcb9e><path fill="#fff" stroke="none" pid="0" fill="#333" d="M17.755 1.814A.699.699 0 0018 1.273a.738.738 0 00-.245-.554.803.803 0 00-.573-.219.855.855 0 00-.587.219L9 7.905 1.39.719A.797.797 0 00.818.5a.855.855 0 00-.586.219.758.758 0 00-.232.554c0 .213.077.394.232.54L7.841 9l-7.61 7.173a.761.761 0 00-.231.554c0 .214.077.394.232.541.165.155.36.232.586.232a.78.78 0 00.573-.232L9 10.095l7.595 7.173c.165.155.36.232.587.232a.781.781 0 00.573-.232.697.697 0 00.245-.54c0-.215-.081-.4-.245-.555L10.159 9l7.596-7.186z" fill-rule="evenodd"/></svg></div></div> <div class="wishlist-item-wrapper" data-v-b9033f4a data-v-f16d327c><div class="scroll" data-v-b9033f4a><div data-v-9444bd58 data-v-b9033f4a></div> <!----></div> <div class="wishlist-dropdown-link" data-v-b9033f4a><div data-v-697dda27 data-v-b9033f4a><div class="wishlist-link" data-v-697dda27><a data-v-697dda27>Create new wishlist</a></div> <div class="wishlist-link" data-v-697dda27><a data-v-697dda27>Manage wishlists</a></div></div></div></div></div></div></div></div></div><div class="swiper-slide cms-product-cards-carousel-slide" data-v-6dc1bbe5><div class="product-card-container" data-v-4eb474b4 data-v-6dc1bbe5><div class="product-card-wrapper" data-v-4eb474b4><div class="product-card" data-v-4eb474b4><div data-v-4eb474b4><div class="wishlist-wrapper" data-v-2ece9c9d><div class="wishlist-banner" style="display:none;" data-v-2ece9c9d><span data-v-2ece9c9d>
            
        </span> <!----></div> <div class="wishlist-icon dense-grid-layout" style="display:none;" data-v-2ece9c9d><span style="display:none;" data-v-2ece9c9d>Add to wishlist</span> <svg version="1.1" viewBox="0 0 16 21" class="icon svg-icon svg-fill" style="width:16px;height:21px;" data-v-2ece9c9d><path fill="#737373" stroke="none" pid="0" d="M7.683 8.068a.658.658 0 00-.929-.001l-2.16 2.161-.848-.849a.657.657 0 00-.928.928L4.13 11.62a.66.66 0 00.928.001l2.625-2.625a.657.657 0 000-.928zm0 5.25a.658.658 0 00-.929-.001l-2.16 2.161-.848-.848a.657.657 0 00-.928.928l1.312 1.313a.654.654 0 00.928 0l2.625-2.625a.657.657 0 000-.928zm4.786-4.13H9.844a.656.656 0 000 1.312h2.625a.656.656 0 000-1.313zm0 5.25H9.844a.656.656 0 000 1.312h2.625a.656.656 0 000-1.313z"/><path fill="#737373" stroke="none" pid="1" d="M14.438 2.625h-2.626v-.656a.656.656 0 00-.656-.657H9.732A1.974 1.974 0 007.875 0C7.019 0 6.29.549 6.018 1.313H4.594a.656.656 0 00-.657.656v.656H1.313C.589 2.625 0 3.215 0 3.938v15.75C0 20.41.59 21 1.313 21h13.124c.724 0 1.313-.59 1.313-1.313V3.938c0-.723-.59-1.312-1.313-1.312zm-9.188 0h1.313a.656.656 0 00.656-.656.656.656 0 011.312 0c0 .362.294.656.656.656H10.5v1.313H5.25V2.625zm9.188 17.063H1.312V3.938h2.625v.656c0 .362.294.656.657.656h6.562a.656.656 0 00.656-.656v-.657h2.626v15.75z"/></svg></div></div> <!----></div> <div class="product-card-event-label-wrapper" data-v-4eb474b4><!----></div> <div class="product-card-content" data-v-4eb474b4><a href="/us_en/borsari-tiramisu-pandoro-30-oz" class="product-link" data-v-4eb474b4><div class="product-card-image-name-manufacturer" data-v-4eb474b4><div class="product-card-image" data-v-4eb474b4><img width="200" height="200" alt="Tiramisu Pandoro 30 oz" src="https://www.eataly.com/media/catalog/product/b/o/borsari-tiramisu-pandoro-30-oz_thumbnail.jpg" loading="lazy" class="product-image" data-v-4eb474b4> <div class="product-badge product-badge product-badge--discount" data-v-608c9b3f data-v-4eb474b4><span data-v-608c9b3f>Offer -20%</span></div></div> <div class="name-manufacturer" data-v-4eb474b4><div data-test-e2e="product-card-product-name" class="product-card-name" data-v-4eb474b4><span data-v-4eb474b4>
                                    Tiramisu Pandoro 30 oz
                                </span></div> <div class="product-card-manufacturer" data-v-4eb474b4><!----> <span data-v-4eb474b4>
                                    Borsari
                                </span></div> <!----></div></div></a> <div class="product-card-price-add-info" data-v-4eb474b4><!----> <div class="add-info" data-v-4eb474b4><div class="product-card-info" data-v-4eb474b4><div class="item-info" data-v-4eb474b4><div data-v-4eb474b4>$1,09/Oz</div> <div data-v-4eb474b4>30 Oz</div></div> <div class="price" data-v-4eb474b4><div class="original-price" data-v-4eb474b4>
                                    $40.99
                                </div> <div class="final-price" data-v-4eb474b4>$32.79</div></div></div> <div class="product-card-add" data-v-4eb474b4><div data-test-e2e="add-to-cart-button" class="button-wrapper add-to-cart-button dense-grid-layout" data-v-1956333b data-v-4eb474b4><div data-test-e2e="add-to-cart-no-items" tabindex="0" role="button" class="button-no-items a11y-focus-standard" data-v-1956333b><!----> <div class="no-items-label dense-grid-layout" data-v-1956333b><svg version="1.1" viewBox="0 0 388 339" class="cart-icon svg-icon svg-fill" style="width:17px;height:15px;" data-v-1956333b><path fill="#fff" stroke="none" pid="0" id="Layer" fill-rule="evenodd" d="M128.11 224.12c-2.84 0-5.57 1.13-7.58 3.14a10.726 10.726 0 00-3.14 7.58c0 2.84 1.13 5.57 3.14 7.58 2.01 2.01 4.74 3.14 7.58 3.14h196.36c2.84 0 5.57 1.13 7.58 3.14 2.01 2.01 3.14 4.74 3.14 7.58s-1.13 5.57-3.14 7.58a10.726 10.726 0 01-7.58 3.14H128.11c-7.45.11-14.71-2.38-20.53-7.04a32.081 32.081 0 01-11.36-18.5 32.04 32.04 0 013-21.49c3.46-6.6 9.12-11.79 15.99-14.68-2.05-9.14-37.73-168.1-39.1-174.22H19.8c-2.84 0-5.57-1.13-7.58-3.14a10.726 10.726 0 01-3.14-7.58c0-2.84 1.13-5.57 3.14-7.58 2.01-2.01 4.74-3.14 7.58-3.14h65c1.22-.01 2.42.19 3.57.59 1.15.4 2.23.99 3.18 1.74.96.76 1.77 1.67 2.42 2.7.65 1.02 1.13 2.15 1.4 3.34l7.74 34.52h264.67a10.708 10.708 0 014.82 1.12c.75.37 1.46.83 2.1 1.36.64.53 1.22 1.13 1.73 1.79.5.66.93 1.37 1.26 2.13.34.75.59 1.55.74 2.36a10.555 10.555 0 01-.24 4.91l-43.31 150.13c-.33 1.12-.83 2.17-1.5 3.13-.66.95-1.48 1.8-2.41 2.49-.93.7-1.97 1.24-3.08 1.6-1.1.37-2.26.55-3.42.55H128.08l.03.03zm8.69-22.48h179.5L353.43 73H107.92l28.88 128.64z" fill="#000"/><path fill="#fff" stroke="none" pid="1" id="Layer" fill-rule="evenodd" d="M178.07 298.32c0 17.74-14.21 32.17-31.68 32.17s-31.68-14.43-31.68-32.17c0-17.74 14.21-32.17 31.68-32.17s31.68 14.43 31.68 32.17zm-27.98 9.94c1.18-.48 2.25-1.2 3.14-2.1.9-.89 1.62-1.96 2.1-3.14.49-1.17.74-2.43.74-3.7 0-3.92-2.36-7.44-5.98-8.94a9.66 9.66 0 00-10.54 2.1 9.66 9.66 0 00-2.1 10.54 9.672 9.672 0 008.94 5.98c1.27 0 2.53-.25 3.7-.74zM304.69 267c17.47 0 31.67 14.4 31.67 32.14 0 17.74-14.21 32.17-31.68 32.17S273 316.88 273 299.14c0-17.73 14.22-32.14 31.69-32.14zm-.3 22.71a9.7 9.7 0 00-3.68.73 9.534 9.534 0 00-3.12 2.08c-.9.89-1.6 1.95-2.09 3.12a9.7 9.7 0 00-.73 3.68 9.61 9.61 0 005.93 8.88c3.59 1.49 7.73.66 10.48-2.08a9.632 9.632 0 002.08-10.48 9.61 9.61 0 00-8.88-5.93h.01z" fill="#000"/></svg> <span class="cart-icon-text" data-v-1956333b>Add to cart</span></div></div></div></div></div></div></div></div> <div class="product-card-back" data-v-4eb474b4><div class="wishlist-drop-down-wrapper" style="display:none;" data-v-f16d327c data-v-4eb474b4><div class="wishlist-drop-down-banner" data-v-344dcb9e data-v-f16d327c>
    Choose a wishlist
    <svg version="1.1" viewBox="0 0 16 21" class="icon svg-icon svg-fill" style="width:16px;height:21px;" data-v-344dcb9e><path fill="white" stroke="none" pid="0" d="M7.683 8.068a.658.658 0 00-.929-.001l-2.16 2.161-.848-.849a.657.657 0 00-.928.928L4.13 11.62a.66.66 0 00.928.001l2.625-2.625a.657.657 0 000-.928zm0 5.25a.658.658 0 00-.929-.001l-2.16 2.161-.848-.848a.657.657 0 00-.928.928l1.312 1.313a.654.654 0 00.928 0l2.625-2.625a.657.657 0 000-.928zm4.786-4.13H9.844a.656.656 0 000 1.312h2.625a.656.656 0 000-1.313zm0 5.25H9.844a.656.656 0 000 1.312h2.625a.656.656 0 000-1.313z"/><path fill="white" stroke="none" pid="1" d="M14.438 2.625h-2.626v-.656a.656.656 0 00-.656-.657H9.732A1.974 1.974 0 007.875 0C7.019 0 6.29.549 6.018 1.313H4.594a.656.656 0 00-.657.656v.656H1.313C.589 2.625 0 3.215 0 3.938v15.75C0 20.41.59 21 1.313 21h13.124c.724 0 1.313-.59 1.313-1.313V3.938c0-.723-.59-1.312-1.313-1.312zm-9.188 0h1.313a.656.656 0 00.656-.656.656.656 0 011.312 0c0 .362.294.656.656.656H10.5v1.313H5.25V2.625zm9.188 17.063H1.312V3.938h2.625v.656c0 .362.294.656.657.656h6.562a.656.656 0 00.656-.656v-.657h2.626v15.75z"/></svg> <div class="closing-icon" style="display:none;" data-v-344dcb9e><svg version="1.1" viewBox="0 0 18 18" class="remove-icon svg-icon svg-fill" style="width:10px;height:10px;" data-v-344dcb9e><path fill="#fff" stroke="none" pid="0" fill="#333" d="M17.755 1.814A.699.699 0 0018 1.273a.738.738 0 00-.245-.554.803.803 0 00-.573-.219.855.855 0 00-.587.219L9 7.905 1.39.719A.797.797 0 00.818.5a.855.855 0 00-.586.219.758.758 0 00-.232.554c0 .213.077.394.232.54L7.841 9l-7.61 7.173a.761.761 0 00-.231.554c0 .214.077.394.232.541.165.155.36.232.586.232a.78.78 0 00.573-.232L9 10.095l7.595 7.173c.165.155.36.232.587.232a.781.781 0 00.573-.232.697.697 0 00.245-.54c0-.215-.081-.4-.245-.555L10.159 9l7.596-7.186z" fill-rule="evenodd"/></svg></div></div> <div class="wishlist-item-wrapper" data-v-b9033f4a data-v-f16d327c><div class="scroll" data-v-b9033f4a><div data-v-9444bd58 data-v-b9033f4a></div> <!----></div> <div class="wishlist-dropdown-link" data-v-b9033f4a><div data-v-697dda27 data-v-b9033f4a><div class="wishlist-link" data-v-697dda27><a data-v-697dda27>Create new wishlist</a></div> <div class="wishlist-link" data-v-697dda27><a data-v-697dda27>Manage wishlists</a></div></div></div></div></div></div></div></div></div><div class="swiper-slide cms-product-cards-carousel-slide" data-v-6dc1bbe5><div class="product-card-container" data-v-4eb474b4 data-v-6dc1bbe5><div class="product-card-wrapper" data-v-4eb474b4><div class="product-card" data-v-4eb474b4><div data-v-4eb474b4><div class="wishlist-wrapper" data-v-2ece9c9d><div class="wishlist-banner" style="display:none;" data-v-2ece9c9d><span data-v-2ece9c9d>
            
        </span> <!----></div> <div class="wishlist-icon dense-grid-layout" style="display:none;" data-v-2ece9c9d><span style="display:none;" data-v-2ece9c9d>Add to wishlist</span> <svg version="1.1" viewBox="0 0 16 21" class="icon svg-icon svg-fill" style="width:16px;height:21px;" data-v-2ece9c9d><path fill="#737373" stroke="none" pid="0" d="M7.683 8.068a.658.658 0 00-.929-.001l-2.16 2.161-.848-.849a.657.657 0 00-.928.928L4.13 11.62a.66.66 0 00.928.001l2.625-2.625a.657.657 0 000-.928zm0 5.25a.658.658 0 00-.929-.001l-2.16 2.161-.848-.848a.657.657 0 00-.928.928l1.312 1.313a.654.654 0 00.928 0l2.625-2.625a.657.657 0 000-.928zm4.786-4.13H9.844a.656.656 0 000 1.312h2.625a.656.656 0 000-1.313zm0 5.25H9.844a.656.656 0 000 1.312h2.625a.656.656 0 000-1.313z"/><path fill="#737373" stroke="none" pid="1" d="M14.438 2.625h-2.626v-.656a.656.656 0 00-.656-.657H9.732A1.974 1.974 0 007.875 0C7.019 0 6.29.549 6.018 1.313H4.594a.656.656 0 00-.657.656v.656H1.313C.589 2.625 0 3.215 0 3.938v15.75C0 20.41.59 21 1.313 21h13.124c.724 0 1.313-.59 1.313-1.313V3.938c0-.723-.59-1.312-1.313-1.312zm-9.188 0h1.313a.656.656 0 00.656-.656.656.656 0 011.312 0c0 .362.294.656.656.656H10.5v1.313H5.25V2.625zm9.188 17.063H1.312V3.938h2.625v.656c0 .362.294.656.657.656h6.562a.656.656 0 00.656-.656v-.657h2.626v15.75z"/></svg></div></div> <!----></div> <div class="product-card-event-label-wrapper" data-v-4eb474b4><div class="event-label tiny text-only" data-v-e009e9de data-v-4eb474b4><!----> <div class="event-label-text" data-v-e009e9de><div class="event-label-text-title" data-v-e009e9de>
            Best Seller
        </div> <!----></div></div></div> <div class="product-card-content" data-v-4eb474b4><a href="/us_en/eataly-panettone-with-pistachio-cream-36-9-oz" class="product-link" data-v-4eb474b4><div class="product-card-image-name-manufacturer" data-v-4eb474b4><div class="product-card-image" data-v-4eb474b4><img width="200" height="200" alt="Pistachio Cream Panettone" src="https://www.eataly.com/media/catalog/product/a/d/adobe_express_-_file_7__2_1.jpg" loading="lazy" class="product-image" data-v-4eb474b4> <div class="product-badge product-badge product-badge--discount" data-v-608c9b3f data-v-4eb474b4><span data-v-608c9b3f>Offer -20%</span></div></div> <div class="name-manufacturer" data-v-4eb474b4><div data-test-e2e="product-card-product-name" class="product-card-name" data-v-4eb474b4><span data-v-4eb474b4>
                                    Pistachio Cream Panettone
                                </span></div> <div class="product-card-manufacturer" data-v-4eb474b4><!----> <span data-v-4eb474b4>
                                    Eataly
                                </span></div> <!----></div></div></a> <div class="product-card-price-add-info" data-v-4eb474b4><!----> <div class="add-info" data-v-4eb474b4><div class="product-card-info" data-v-4eb474b4><div class="item-info" data-v-4eb474b4><div data-v-4eb474b4>$1,41/Oz</div> <div data-v-4eb474b4>36.9 Oz</div></div> <div class="price" data-v-4eb474b4><div class="original-price" data-v-4eb474b4>
                                    $64.99
                                </div> <div class="final-price" data-v-4eb474b4>$51.99</div></div></div> <div class="product-card-add" data-v-4eb474b4><div data-test-e2e="add-to-cart-button" class="button-wrapper add-to-cart-button dense-grid-layout" data-v-1956333b data-v-4eb474b4><div data-test-e2e="add-to-cart-no-items" tabindex="0" role="button" class="button-no-items a11y-focus-standard" data-v-1956333b><!----> <div class="no-items-label dense-grid-layout" data-v-1956333b><svg version="1.1" viewBox="0 0 388 339" class="cart-icon svg-icon svg-fill" style="width:17px;height:15px;" data-v-1956333b><path fill="#fff" stroke="none" pid="0" id="Layer" fill-rule="evenodd" d="M128.11 224.12c-2.84 0-5.57 1.13-7.58 3.14a10.726 10.726 0 00-3.14 7.58c0 2.84 1.13 5.57 3.14 7.58 2.01 2.01 4.74 3.14 7.58 3.14h196.36c2.84 0 5.57 1.13 7.58 3.14 2.01 2.01 3.14 4.74 3.14 7.58s-1.13 5.57-3.14 7.58a10.726 10.726 0 01-7.58 3.14H128.11c-7.45.11-14.71-2.38-20.53-7.04a32.081 32.081 0 01-11.36-18.5 32.04 32.04 0 013-21.49c3.46-6.6 9.12-11.79 15.99-14.68-2.05-9.14-37.73-168.1-39.1-174.22H19.8c-2.84 0-5.57-1.13-7.58-3.14a10.726 10.726 0 01-3.14-7.58c0-2.84 1.13-5.57 3.14-7.58 2.01-2.01 4.74-3.14 7.58-3.14h65c1.22-.01 2.42.19 3.57.59 1.15.4 2.23.99 3.18 1.74.96.76 1.77 1.67 2.42 2.7.65 1.02 1.13 2.15 1.4 3.34l7.74 34.52h264.67a10.708 10.708 0 014.82 1.12c.75.37 1.46.83 2.1 1.36.64.53 1.22 1.13 1.73 1.79.5.66.93 1.37 1.26 2.13.34.75.59 1.55.74 2.36a10.555 10.555 0 01-.24 4.91l-43.31 150.13c-.33 1.12-.83 2.17-1.5 3.13-.66.95-1.48 1.8-2.41 2.49-.93.7-1.97 1.24-3.08 1.6-1.1.37-2.26.55-3.42.55H128.08l.03.03zm8.69-22.48h179.5L353.43 73H107.92l28.88 128.64z" fill="#000"/><path fill="#fff" stroke="none" pid="1" id="Layer" fill-rule="evenodd" d="M178.07 298.32c0 17.74-14.21 32.17-31.68 32.17s-31.68-14.43-31.68-32.17c0-17.74 14.21-32.17 31.68-32.17s31.68 14.43 31.68 32.17zm-27.98 9.94c1.18-.48 2.25-1.2 3.14-2.1.9-.89 1.62-1.96 2.1-3.14.49-1.17.74-2.43.74-3.7 0-3.92-2.36-7.44-5.98-8.94a9.66 9.66 0 00-10.54 2.1 9.66 9.66 0 00-2.1 10.54 9.672 9.672 0 008.94 5.98c1.27 0 2.53-.25 3.7-.74zM304.69 267c17.47 0 31.67 14.4 31.67 32.14 0 17.74-14.21 32.17-31.68 32.17S273 316.88 273 299.14c0-17.73 14.22-32.14 31.69-32.14zm-.3 22.71a9.7 9.7 0 00-3.68.73 9.534 9.534 0 00-3.12 2.08c-.9.89-1.6 1.95-2.09 3.12a9.7 9.7 0 00-.73 3.68 9.61 9.61 0 005.93 8.88c3.59 1.49 7.73.66 10.48-2.08a9.632 9.632 0 002.08-10.48 9.61 9.61 0 00-8.88-5.93h.01z" fill="#000"/></svg> <span class="cart-icon-text" data-v-1956333b>Add to cart</span></div></div></div></div></div></div></div></div> <div class="product-card-back" data-v-4eb474b4><div class="wishlist-drop-down-wrapper" style="display:none;" data-v-f16d327c data-v-4eb474b4><div class="wishlist-drop-down-banner" data-v-344dcb9e data-v-f16d327c>
    Choose a wishlist
    <svg version="1.1" viewBox="0 0 16 21" class="icon svg-icon svg-fill" style="width:16px;height:21px;" data-v-344dcb9e><path fill="white" stroke="none" pid="0" d="M7.683 8.068a.658.658 0 00-.929-.001l-2.16 2.161-.848-.849a.657.657 0 00-.928.928L4.13 11.62a.66.66 0 00.928.001l2.625-2.625a.657.657 0 000-.928zm0 5.25a.658.658 0 00-.929-.001l-2.16 2.161-.848-.848a.657.657 0 00-.928.928l1.312 1.313a.654.654 0 00.928 0l2.625-2.625a.657.657 0 000-.928zm4.786-4.13H9.844a.656.656 0 000 1.312h2.625a.656.656 0 000-1.313zm0 5.25H9.844a.656.656 0 000 1.312h2.625a.656.656 0 000-1.313z"/><path fill="white" stroke="none" pid="1" d="M14.438 2.625h-2.626v-.656a.656.656 0 00-.656-.657H9.732A1.974 1.974 0 007.875 0C7.019 0 6.29.549 6.018 1.313H4.594a.656.656 0 00-.657.656v.656H1.313C.589 2.625 0 3.215 0 3.938v15.75C0 20.41.59 21 1.313 21h13.124c.724 0 1.313-.59 1.313-1.313V3.938c0-.723-.59-1.312-1.313-1.312zm-9.188 0h1.313a.656.656 0 00.656-.656.656.656 0 011.312 0c0 .362.294.656.656.656H10.5v1.313H5.25V2.625zm9.188 17.063H1.312V3.938h2.625v.656c0 .362.294.656.657.656h6.562a.656.656 0 00.656-.656v-.657h2.626v15.75z"/></svg> <div class="closing-icon" style="display:none;" data-v-344dcb9e><svg version="1.1" viewBox="0 0 18 18" class="remove-icon svg-icon svg-fill" style="width:10px;height:10px;" data-v-344dcb9e><path fill="#fff" stroke="none" pid="0" fill="#333" d="M17.755 1.814A.699.699 0 0018 1.273a.738.738 0 00-.245-.554.803.803 0 00-.573-.219.855.855 0 00-.587.219L9 7.905 1.39.719A.797.797 0 00.818.5a.855.855 0 00-.586.219.758.758 0 00-.232.554c0 .213.077.394.232.54L7.841 9l-7.61 7.173a.761.761 0 00-.231.554c0 .214.077.394.232.541.165.155.36.232.586.232a.78.78 0 00.573-.232L9 10.095l7.595 7.173c.165.155.36.232.587.232a.781.781 0 00.573-.232.697.697 0 00.245-.54c0-.215-.081-.4-.245-.555L10.159 9l7.596-7.186z" fill-rule="evenodd"/></svg></div></div> <div class="wishlist-item-wrapper" data-v-b9033f4a data-v-f16d327c><div class="scroll" data-v-b9033f4a><div data-v-9444bd58 data-v-b9033f4a></div> <!----></div> <div class="wishlist-dropdown-link" data-v-b9033f4a><div data-v-697dda27 data-v-b9033f4a><div class="wishlist-link" data-v-697dda27><a data-v-697dda27>Create new wishlist</a></div> <div class="wishlist-link" data-v-697dda27><a data-v-697dda27>Manage wishlists</a></div></div></div></div></div></div></div></div></div><div class="swiper-slide cms-product-cards-carousel-slide" data-v-6dc1bbe5><div class="product-card-container" data-v-4eb474b4 data-v-6dc1bbe5><div class="product-card-wrapper" data-v-4eb474b4><div class="product-card" data-v-4eb474b4><div data-v-4eb474b4><div class="wishlist-wrapper" data-v-2ece9c9d><div class="wishlist-banner" style="display:none;" data-v-2ece9c9d><span data-v-2ece9c9d>
            
        </span> <!----></div> <div class="wishlist-icon dense-grid-layout" style="display:none;" data-v-2ece9c9d><span style="display:none;" data-v-2ece9c9d>Add to wishlist</span> <svg version="1.1" viewBox="0 0 16 21" class="icon svg-icon svg-fill" style="width:16px;height:21px;" data-v-2ece9c9d><path fill="#737373" stroke="none" pid="0" d="M7.683 8.068a.658.658 0 00-.929-.001l-2.16 2.161-.848-.849a.657.657 0 00-.928.928L4.13 11.62a.66.66 0 00.928.001l2.625-2.625a.657.657 0 000-.928zm0 5.25a.658.658 0 00-.929-.001l-2.16 2.161-.848-.848a.657.657 0 00-.928.928l1.312 1.313a.654.654 0 00.928 0l2.625-2.625a.657.657 0 000-.928zm4.786-4.13H9.844a.656.656 0 000 1.312h2.625a.656.656 0 000-1.313zm0 5.25H9.844a.656.656 0 000 1.312h2.625a.656.656 0 000-1.313z"/><path fill="#737373" stroke="none" pid="1" d="M14.438 2.625h-2.626v-.656a.656.656 0 00-.656-.657H9.732A1.974 1.974 0 007.875 0C7.019 0 6.29.549 6.018 1.313H4.594a.656.656 0 00-.657.656v.656H1.313C.589 2.625 0 3.215 0 3.938v15.75C0 20.41.59 21 1.313 21h13.124c.724 0 1.313-.59 1.313-1.313V3.938c0-.723-.59-1.312-1.313-1.312zm-9.188 0h1.313a.656.656 0 00.656-.656.656.656 0 011.312 0c0 .362.294.656.656.656H10.5v1.313H5.25V2.625zm9.188 17.063H1.312V3.938h2.625v.656c0 .362.294.656.657.656h6.562a.656.656 0 00.656-.656v-.657h2.626v15.75z"/></svg></div></div> <!----></div> <div class="product-card-event-label-wrapper" data-v-4eb474b4><!----></div> <div class="product-card-content" data-v-4eb474b4><a href="/us_en/eataly-limoncello-panettone-35-2-oz" class="product-link" data-v-4eb474b4><div class="product-card-image-name-manufacturer" data-v-4eb474b4><div class="product-card-image" data-v-4eb474b4><img width="200" height="200" alt="Limoncello Panettone" src="https://www.eataly.com/media/catalog/product/a/d/adobe_express_-_file_4__3.jpg" loading="lazy" class="product-image" data-v-4eb474b4> <div class="product-badge product-badge product-badge--discount" data-v-608c9b3f data-v-4eb474b4><span data-v-608c9b3f>Offer -20%</span></div></div> <div class="name-manufacturer" data-v-4eb474b4><div data-test-e2e="product-card-product-name" class="product-card-name" data-v-4eb474b4><span data-v-4eb474b4>
                                    Limoncello Panettone
                                </span></div> <div class="product-card-manufacturer" data-v-4eb474b4><!----> <span data-v-4eb474b4>
                                    Eataly
                                </span></div> <!----></div></div></a> <div class="product-card-price-add-info" data-v-4eb474b4><!----> <div class="add-info" data-v-4eb474b4><div class="product-card-info" data-v-4eb474b4><div class="item-info" data-v-4eb474b4><div data-v-4eb474b4>$1,48/Oz</div> <div data-v-4eb474b4>35.2 Oz</div></div> <div class="price" data-v-4eb474b4><div class="original-price" data-v-4eb474b4>
                                    $64.99
                                </div> <div class="final-price" data-v-4eb474b4>$51.99</div></div></div> <div class="product-card-add" data-v-4eb474b4><div data-test-e2e="add-to-cart-button" class="button-wrapper add-to-cart-button dense-grid-layout" data-v-1956333b data-v-4eb474b4><div data-test-e2e="add-to-cart-no-items" tabindex="0" role="button" class="button-no-items a11y-focus-standard" data-v-1956333b><!----> <div class="no-items-label dense-grid-layout" data-v-1956333b><svg version="1.1" viewBox="0 0 388 339" class="cart-icon svg-icon svg-fill" style="width:17px;height:15px;" data-v-1956333b><path fill="#fff" stroke="none" pid="0" id="Layer" fill-rule="evenodd" d="M128.11 224.12c-2.84 0-5.57 1.13-7.58 3.14a10.726 10.726 0 00-3.14 7.58c0 2.84 1.13 5.57 3.14 7.58 2.01 2.01 4.74 3.14 7.58 3.14h196.36c2.84 0 5.57 1.13 7.58 3.14 2.01 2.01 3.14 4.74 3.14 7.58s-1.13 5.57-3.14 7.58a10.726 10.726 0 01-7.58 3.14H128.11c-7.45.11-14.71-2.38-20.53-7.04a32.081 32.081 0 01-11.36-18.5 32.04 32.04 0 013-21.49c3.46-6.6 9.12-11.79 15.99-14.68-2.05-9.14-37.73-168.1-39.1-174.22H19.8c-2.84 0-5.57-1.13-7.58-3.14a10.726 10.726 0 01-3.14-7.58c0-2.84 1.13-5.57 3.14-7.58 2.01-2.01 4.74-3.14 7.58-3.14h65c1.22-.01 2.42.19 3.57.59 1.15.4 2.23.99 3.18 1.74.96.76 1.77 1.67 2.42 2.7.65 1.02 1.13 2.15 1.4 3.34l7.74 34.52h264.67a10.708 10.708 0 014.82 1.12c.75.37 1.46.83 2.1 1.36.64.53 1.22 1.13 1.73 1.79.5.66.93 1.37 1.26 2.13.34.75.59 1.55.74 2.36a10.555 10.555 0 01-.24 4.91l-43.31 150.13c-.33 1.12-.83 2.17-1.5 3.13-.66.95-1.48 1.8-2.41 2.49-.93.7-1.97 1.24-3.08 1.6-1.1.37-2.26.55-3.42.55H128.08l.03.03zm8.69-22.48h179.5L353.43 73H107.92l28.88 128.64z" fill="#000"/><path fill="#fff" stroke="none" pid="1" id="Layer" fill-rule="evenodd" d="M178.07 298.32c0 17.74-14.21 32.17-31.68 32.17s-31.68-14.43-31.68-32.17c0-17.74 14.21-32.17 31.68-32.17s31.68 14.43 31.68 32.17zm-27.98 9.94c1.18-.48 2.25-1.2 3.14-2.1.9-.89 1.62-1.96 2.1-3.14.49-1.17.74-2.43.74-3.7 0-3.92-2.36-7.44-5.98-8.94a9.66 9.66 0 00-10.54 2.1 9.66 9.66 0 00-2.1 10.54 9.672 9.672 0 008.94 5.98c1.27 0 2.53-.25 3.7-.74zM304.69 267c17.47 0 31.67 14.4 31.67 32.14 0 17.74-14.21 32.17-31.68 32.17S273 316.88 273 299.14c0-17.73 14.22-32.14 31.69-32.14zm-.3 22.71a9.7 9.7 0 00-3.68.73 9.534 9.534 0 00-3.12 2.08c-.9.89-1.6 1.95-2.09 3.12a9.7 9.7 0 00-.73 3.68 9.61 9.61 0 005.93 8.88c3.59 1.49 7.73.66 10.48-2.08a9.632 9.632 0 002.08-10.48 9.61 9.61 0 00-8.88-5.93h.01z" fill="#000"/></svg> <span class="cart-icon-text" data-v-1956333b>Add to cart</span></div></div></div></div></div></div></div></div> <div class="product-card-back" data-v-4eb474b4><div class="wishlist-drop-down-wrapper" style="display:none;" data-v-f16d327c data-v-4eb474b4><div class="wishlist-drop-down-banner" data-v-344dcb9e data-v-f16d327c>
    Choose a wishlist
    <svg version="1.1" viewBox="0 0 16 21" class="icon svg-icon svg-fill" style="width:16px;height:21px;" data-v-344dcb9e><path fill="white" stroke="none" pid="0" d="M7.683 8.068a.658.658 0 00-.929-.001l-2.16 2.161-.848-.849a.657.657 0 00-.928.928L4.13 11.62a.66.66 0 00.928.001l2.625-2.625a.657.657 0 000-.928zm0 5.25a.658.658 0 00-.929-.001l-2.16 2.161-.848-.848a.657.657 0 00-.928.928l1.312 1.313a.654.654 0 00.928 0l2.625-2.625a.657.657 0 000-.928zm4.786-4.13H9.844a.656.656 0 000 1.312h2.625a.656.656 0 000-1.313zm0 5.25H9.844a.656.656 0 000 1.312h2.625a.656.656 0 000-1.313z"/><path fill="white" stroke="none" pid="1" d="M14.438 2.625h-2.626v-.656a.656.656 0 00-.656-.657H9.732A1.974 1.974 0 007.875 0C7.019 0 6.29.549 6.018 1.313H4.594a.656.656 0 00-.657.656v.656H1.313C.589 2.625 0 3.215 0 3.938v15.75C0 20.41.59 21 1.313 21h13.124c.724 0 1.313-.59 1.313-1.313V3.938c0-.723-.59-1.312-1.313-1.312zm-9.188 0h1.313a.656.656 0 00.656-.656.656.656 0 011.312 0c0 .362.294.656.656.656H10.5v1.313H5.25V2.625zm9.188 17.063H1.312V3.938h2.625v.656c0 .362.294.656.657.656h6.562a.656.656 0 00.656-.656v-.657h2.626v15.75z"/></svg> <div class="closing-icon" style="display:none;" data-v-344dcb9e><svg version="1.1" viewBox="0 0 18 18" class="remove-icon svg-icon svg-fill" style="width:10px;height:10px;" data-v-344dcb9e><path fill="#fff" stroke="none" pid="0" fill="#333" d="M17.755 1.814A.699.699 0 0018 1.273a.738.738 0 00-.245-.554.803.803 0 00-.573-.219.855.855 0 00-.587.219L9 7.905 1.39.719A.797.797 0 00.818.5a.855.855 0 00-.586.219.758.758 0 00-.232.554c0 .213.077.394.232.54L7.841 9l-7.61 7.173a.761.761 0 00-.231.554c0 .214.077.394.232.541.165.155.36.232.586.232a.78.78 0 00.573-.232L9 10.095l7.595 7.173c.165.155.36.232.587.232a.781.781 0 00.573-.232.697.697 0 00.245-.54c0-.215-.081-.4-.245-.555L10.159 9l7.596-7.186z" fill-rule="evenodd"/></svg></div></div> <div class="wishlist-item-wrapper" data-v-b9033f4a data-v-f16d327c><div class="scroll" data-v-b9033f4a><div data-v-9444bd58 data-v-b9033f4a></div> <!----></div> <div class="wishlist-dropdown-link" data-v-b9033f4a><div data-v-697dda27 data-v-b9033f4a><div class="wishlist-link" data-v-697dda27><a data-v-697dda27>Create new wishlist</a></div> <div class="wishlist-link" data-v-697dda27><a data-v-697dda27>Manage wishlists</a></div></div></div></div></div></div></div></div></div></div> <div class="swiper-pagination cms-product-cards-carousel-pagination" data-v-6dc1bbe5></div></div> <div class="swiper-navigation cms-product-cards-carousel-navigation nav-9" data-v-6dc1bbe5><div tabindex="-1" class="swiper-button-prev swiper-button"><svg version="1.1" viewBox="0 0 12 23" aria-label="Go to previous" class="svg-icon svg-fill"><path fill="#fff" stroke="none" pid="0" d="M.87 22.187a.75.75 0 01-.125-.971l.068-.088 8.549-9.522L.856 2.13a.75.75 0 01-.02-.979l.077-.08a.75.75 0 01.979-.02l.08.077 9.407 10.477-9.45 10.525a.75.75 0 01-1.059.057z" fill="#333" fill-rule="nonzero"/></svg></div> <div tabindex="-1" class="swiper-button-next swiper-button"><svg version="1.1" viewBox="0 0 12 23" aria-label="Go next" class="svg-icon svg-fill"><path fill="#fff" stroke="none" pid="0" d="M.87 22.187a.75.75 0 01-.125-.971l.068-.088 8.549-9.522L.856 2.13a.75.75 0 01-.02-.979l.077-.08a.75.75 0 01.979-.02l.08.077 9.407 10.477-9.45 10.525a.75.75 0 01-1.059.057z" fill="#333" fill-rule="nonzero"/></svg></div></div></div> <a href="/us_en/gifts-holiday-collection/panettone/gifts-all-panettone" class="cms-product-cards-link" data-v-a90af9e0 data-v-a90af9e0 data-v-6dc1bbe5><span data-v-a90af9e0>SHOP PANETTONE</span></a></div></div><div data-fetch-key="data-v-6dc1bbe5:2" class="prismic-dynamic-component carousel-cms-product-cards-204686-10" data-v-6dc1bbe5><div class="cms-product-cards cms-product-cards--visible" style="background-color:#fff;" data-v-6dc1bbe5><div class="cms-product-cards-title" data-v-6dc1bbe5 data-v-6dc1bbe5><h2>EATALY ICONS</h2></div> <div class="cms-product-cards-description" data-v-6dc1bbe5 data-v-6dc1bbe5><p>We&#39;re proud to bring you an authentic taste of Italy by working with artisan producers.</p></div> <div class="cms-product-cards-inner cards-per-view-4" data-v-6dc1bbe5><div class="swiper-container-mobile" data-v-6dc1bbe5><div class="swiper-wrapper cms-product-cards-carousel" data-v-6dc1bbe5><div class="swiper-slide cms-product-cards-carousel-slide" data-v-6dc1bbe5><div class="product-card-container" data-v-4eb474b4 data-v-6dc1bbe5><div class="product-card-wrapper" data-v-4eb474b4><div class="product-card" data-v-4eb474b4><div data-v-4eb474b4><div class="wishlist-wrapper" data-v-2ece9c9d><div class="wishlist-banner" style="display:none;" data-v-2ece9c9d><span data-v-2ece9c9d>
            
        </span> <!----></div> <div class="wishlist-icon dense-grid-layout" style="display:none;" data-v-2ece9c9d><span style="display:none;" data-v-2ece9c9d>Add to wishlist</span> <svg version="1.1" viewBox="0 0 16 21" class="icon svg-icon svg-fill" style="width:16px;height:21px;" data-v-2ece9c9d><path fill="#737373" stroke="none" pid="0" d="M7.683 8.068a.658.658 0 00-.929-.001l-2.16 2.161-.848-.849a.657.657 0 00-.928.928L4.13 11.62a.66.66 0 00.928.001l2.625-2.625a.657.657 0 000-.928zm0 5.25a.658.658 0 00-.929-.001l-2.16 2.161-.848-.848a.657.657 0 00-.928.928l1.312 1.313a.654.654 0 00.928 0l2.625-2.625a.657.657 0 000-.928zm4.786-4.13H9.844a.656.656 0 000 1.312h2.625a.656.656 0 000-1.313zm0 5.25H9.844a.656.656 0 000 1.312h2.625a.656.656 0 000-1.313z"/><path fill="#737373" stroke="none" pid="1" d="M14.438 2.625h-2.626v-.656a.656.656 0 00-.656-.657H9.732A1.974 1.974 0 007.875 0C7.019 0 6.29.549 6.018 1.313H4.594a.656.656 0 00-.657.656v.656H1.313C.589 2.625 0 3.215 0 3.938v15.75C0 20.41.59 21 1.313 21h13.124c.724 0 1.313-.59 1.313-1.313V3.938c0-.723-.59-1.312-1.313-1.312zm-9.188 0h1.313a.656.656 0 00.656-.656.656.656 0 011.312 0c0 .362.294.656.656.656H10.5v1.313H5.25V2.625zm9.188 17.063H1.312V3.938h2.625v.656c0 .362.294.656.657.656h6.562a.656.656 0 00.656-.656v-.657h2.626v15.75z"/></svg></div></div> <!----></div> <div class="product-card-event-label-wrapper" data-v-4eb474b4><!----></div> <div class="product-card-content" data-v-4eb474b4><a href="/us_en/apertivo-candle" class="product-link" data-v-4eb474b4><div class="product-card-image-name-manufacturer" data-v-4eb474b4><div class="product-card-image" data-v-4eb474b4><img width="200" height="200" alt="Apertivo Candle" src="https://www.eataly.com/media/catalog/product/a/d/adobe_express_-_file_7__3.png" loading="lazy" class="product-image" data-v-4eb474b4> <!----></div> <div class="name-manufacturer" data-v-4eb474b4><div data-test-e2e="product-card-product-name" class="product-card-name" data-v-4eb474b4><span data-v-4eb474b4>
                                    Apertivo Candle
                                </span></div> <div class="product-card-manufacturer" data-v-4eb474b4><!----> <span data-v-4eb474b4>
                                    Eataly
                                </span></div> <!----></div></div></a> <div class="product-card-price-add-info" data-v-4eb474b4><!----> <div class="add-info" data-v-4eb474b4><div class="product-card-info" data-v-4eb474b4><div class="item-info" data-v-4eb474b4><div data-v-4eb474b4>$99,98/Lb</div> <div data-v-4eb474b4>0.53 Lb</div></div> <div class="price" data-v-4eb474b4><div class="original-price" data-v-4eb474b4>
                                    
                                </div> <div class="final-price" data-v-4eb474b4>$52.99</div></div></div> <div class="product-card-add" data-v-4eb474b4><div data-test-e2e="add-to-cart-button" class="button-wrapper add-to-cart-button dense-grid-layout" data-v-1956333b data-v-4eb474b4><div data-test-e2e="add-to-cart-no-items" tabindex="0" role="button" class="button-no-items a11y-focus-standard" data-v-1956333b><!----> <div class="no-items-label dense-grid-layout" data-v-1956333b><svg version="1.1" viewBox="0 0 388 339" class="cart-icon svg-icon svg-fill" style="width:17px;height:15px;" data-v-1956333b><path fill="#fff" stroke="none" pid="0" id="Layer" fill-rule="evenodd" d="M128.11 224.12c-2.84 0-5.57 1.13-7.58 3.14a10.726 10.726 0 00-3.14 7.58c0 2.84 1.13 5.57 3.14 7.58 2.01 2.01 4.74 3.14 7.58 3.14h196.36c2.84 0 5.57 1.13 7.58 3.14 2.01 2.01 3.14 4.74 3.14 7.58s-1.13 5.57-3.14 7.58a10.726 10.726 0 01-7.58 3.14H128.11c-7.45.11-14.71-2.38-20.53-7.04a32.081 32.081 0 01-11.36-18.5 32.04 32.04 0 013-21.49c3.46-6.6 9.12-11.79 15.99-14.68-2.05-9.14-37.73-168.1-39.1-174.22H19.8c-2.84 0-5.57-1.13-7.58-3.14a10.726 10.726 0 01-3.14-7.58c0-2.84 1.13-5.57 3.14-7.58 2.01-2.01 4.74-3.14 7.58-3.14h65c1.22-.01 2.42.19 3.57.59 1.15.4 2.23.99 3.18 1.74.96.76 1.77 1.67 2.42 2.7.65 1.02 1.13 2.15 1.4 3.34l7.74 34.52h264.67a10.708 10.708 0 014.82 1.12c.75.37 1.46.83 2.1 1.36.64.53 1.22 1.13 1.73 1.79.5.66.93 1.37 1.26 2.13.34.75.59 1.55.74 2.36a10.555 10.555 0 01-.24 4.91l-43.31 150.13c-.33 1.12-.83 2.17-1.5 3.13-.66.95-1.48 1.8-2.41 2.49-.93.7-1.97 1.24-3.08 1.6-1.1.37-2.26.55-3.42.55H128.08l.03.03zm8.69-22.48h179.5L353.43 73H107.92l28.88 128.64z" fill="#000"/><path fill="#fff" stroke="none" pid="1" id="Layer" fill-rule="evenodd" d="M178.07 298.32c0 17.74-14.21 32.17-31.68 32.17s-31.68-14.43-31.68-32.17c0-17.74 14.21-32.17 31.68-32.17s31.68 14.43 31.68 32.17zm-27.98 9.94c1.18-.48 2.25-1.2 3.14-2.1.9-.89 1.62-1.96 2.1-3.14.49-1.17.74-2.43.74-3.7 0-3.92-2.36-7.44-5.98-8.94a9.66 9.66 0 00-10.54 2.1 9.66 9.66 0 00-2.1 10.54 9.672 9.672 0 008.94 5.98c1.27 0 2.53-.25 3.7-.74zM304.69 267c17.47 0 31.67 14.4 31.67 32.14 0 17.74-14.21 32.17-31.68 32.17S273 316.88 273 299.14c0-17.73 14.22-32.14 31.69-32.14zm-.3 22.71a9.7 9.7 0 00-3.68.73 9.534 9.534 0 00-3.12 2.08c-.9.89-1.6 1.95-2.09 3.12a9.7 9.7 0 00-.73 3.68 9.61 9.61 0 005.93 8.88c3.59 1.49 7.73.66 10.48-2.08a9.632 9.632 0 002.08-10.48 9.61 9.61 0 00-8.88-5.93h.01z" fill="#000"/></svg> <span class="cart-icon-text" data-v-1956333b>Add to cart</span></div></div></div></div></div></div></div></div> <div class="product-card-back" data-v-4eb474b4><div class="wishlist-drop-down-wrapper" style="display:none;" data-v-f16d327c data-v-4eb474b4><div class="wishlist-drop-down-banner" data-v-344dcb9e data-v-f16d327c>
    Choose a wishlist
    <svg version="1.1" viewBox="0 0 16 21" class="icon svg-icon svg-fill" style="width:16px;height:21px;" data-v-344dcb9e><path fill="white" stroke="none" pid="0" d="M7.683 8.068a.658.658 0 00-.929-.001l-2.16 2.161-.848-.849a.657.657 0 00-.928.928L4.13 11.62a.66.66 0 00.928.001l2.625-2.625a.657.657 0 000-.928zm0 5.25a.658.658 0 00-.929-.001l-2.16 2.161-.848-.848a.657.657 0 00-.928.928l1.312 1.313a.654.654 0 00.928 0l2.625-2.625a.657.657 0 000-.928zm4.786-4.13H9.844a.656.656 0 000 1.312h2.625a.656.656 0 000-1.313zm0 5.25H9.844a.656.656 0 000 1.312h2.625a.656.656 0 000-1.313z"/><path fill="white" stroke="none" pid="1" d="M14.438 2.625h-2.626v-.656a.656.656 0 00-.656-.657H9.732A1.974 1.974 0 007.875 0C7.019 0 6.29.549 6.018 1.313H4.594a.656.656 0 00-.657.656v.656H1.313C.589 2.625 0 3.215 0 3.938v15.75C0 20.41.59 21 1.313 21h13.124c.724 0 1.313-.59 1.313-1.313V3.938c0-.723-.59-1.312-1.313-1.312zm-9.188 0h1.313a.656.656 0 00.656-.656.656.656 0 011.312 0c0 .362.294.656.656.656H10.5v1.313H5.25V2.625zm9.188 17.063H1.312V3.938h2.625v.656c0 .362.294.656.657.656h6.562a.656.656 0 00.656-.656v-.657h2.626v15.75z"/></svg> <div class="closing-icon" style="display:none;" data-v-344dcb9e><svg version="1.1" viewBox="0 0 18 18" class="remove-icon svg-icon svg-fill" style="width:10px;height:10px;" data-v-344dcb9e><path fill="#fff" stroke="none" pid="0" fill="#333" d="M17.755 1.814A.699.699 0 0018 1.273a.738.738 0 00-.245-.554.803.803 0 00-.573-.219.855.855 0 00-.587.219L9 7.905 1.39.719A.797.797 0 00.818.5a.855.855 0 00-.586.219.758.758 0 00-.232.554c0 .213.077.394.232.54L7.841 9l-7.61 7.173a.761.761 0 00-.231.554c0 .214.077.394.232.541.165.155.36.232.586.232a.78.78 0 00.573-.232L9 10.095l7.595 7.173c.165.155.36.232.587.232a.781.781 0 00.573-.232.697.697 0 00.245-.54c0-.215-.081-.4-.245-.555L10.159 9l7.596-7.186z" fill-rule="evenodd"/></svg></div></div> <div class="wishlist-item-wrapper" data-v-b9033f4a data-v-f16d327c><div class="scroll" data-v-b9033f4a><div data-v-9444bd58 data-v-b9033f4a></div> <!----></div> <div class="wishlist-dropdown-link" data-v-b9033f4a><div data-v-697dda27 data-v-b9033f4a><div class="wishlist-link" data-v-697dda27><a data-v-697dda27>Create new wishlist</a></div> <div class="wishlist-link" data-v-697dda27><a data-v-697dda27>Manage wishlists</a></div></div></div></div></div></div></div></div></div><div class="swiper-slide cms-product-cards-carousel-slide" data-v-6dc1bbe5><div class="product-card-container" data-v-4eb474b4 data-v-6dc1bbe5><div class="product-card-wrapper" data-v-4eb474b4><div class="product-card" data-v-4eb474b4><div data-v-4eb474b4><div class="wishlist-wrapper" data-v-2ece9c9d><div class="wishlist-banner" style="display:none;" data-v-2ece9c9d><span data-v-2ece9c9d>
            
        </span> <!----></div> <div class="wishlist-icon dense-grid-layout" style="display:none;" data-v-2ece9c9d><span style="display:none;" data-v-2ece9c9d>Add to wishlist</span> <svg version="1.1" viewBox="0 0 16 21" class="icon svg-icon svg-fill" style="width:16px;height:21px;" data-v-2ece9c9d><path fill="#737373" stroke="none" pid="0" d="M7.683 8.068a.658.658 0 00-.929-.001l-2.16 2.161-.848-.849a.657.657 0 00-.928.928L4.13 11.62a.66.66 0 00.928.001l2.625-2.625a.657.657 0 000-.928zm0 5.25a.658.658 0 00-.929-.001l-2.16 2.161-.848-.848a.657.657 0 00-.928.928l1.312 1.313a.654.654 0 00.928 0l2.625-2.625a.657.657 0 000-.928zm4.786-4.13H9.844a.656.656 0 000 1.312h2.625a.656.656 0 000-1.313zm0 5.25H9.844a.656.656 0 000 1.312h2.625a.656.656 0 000-1.313z"/><path fill="#737373" stroke="none" pid="1" d="M14.438 2.625h-2.626v-.656a.656.656 0 00-.656-.657H9.732A1.974 1.974 0 007.875 0C7.019 0 6.29.549 6.018 1.313H4.594a.656.656 0 00-.657.656v.656H1.313C.589 2.625 0 3.215 0 3.938v15.75C0 20.41.59 21 1.313 21h13.124c.724 0 1.313-.59 1.313-1.313V3.938c0-.723-.59-1.312-1.313-1.312zm-9.188 0h1.313a.656.656 0 00.656-.656.656.656 0 011.312 0c0 .362.294.656.656.656H10.5v1.313H5.25V2.625zm9.188 17.063H1.312V3.938h2.625v.656c0 .362.294.656.657.656h6.562a.656.656 0 00.656-.656v-.657h2.626v15.75z"/></svg></div></div> <!----></div> <div class="product-card-event-label-wrapper" data-v-4eb474b4><!----></div> <div class="product-card-content" data-v-4eb474b4><a href="/us_en/fusilloni-tricolore" class="product-link" data-v-4eb474b4><div class="product-card-image-name-manufacturer" data-v-4eb474b4><div class="product-card-image" data-v-4eb474b4><img width="200" height="200" alt="Tricolore Fusilloni" src="https://www.eataly.com/media/catalog/product/a/d/adobe_express_-_file_4__1.jpg" loading="lazy" class="product-image" data-v-4eb474b4> <!----></div> <div class="name-manufacturer" data-v-4eb474b4><div data-test-e2e="product-card-product-name" class="product-card-name" data-v-4eb474b4><span data-v-4eb474b4>
                                    Tricolore Fusilloni
                                </span></div> <div class="product-card-manufacturer" data-v-4eb474b4><!----> <span data-v-4eb474b4>
                                    Eataly
                                </span></div> <!----></div></div></a> <div class="product-card-price-add-info" data-v-4eb474b4><!----> <div class="add-info" data-v-4eb474b4><div class="product-card-info" data-v-4eb474b4><div class="item-info" data-v-4eb474b4><div data-v-4eb474b4>$0,74/Oz</div> <div data-v-4eb474b4>17.6 Oz</div></div> <div class="price" data-v-4eb474b4><div class="original-price" data-v-4eb474b4>
                                    
                                </div> <div class="final-price" data-v-4eb474b4>$12.99</div></div></div> <div class="product-card-add" data-v-4eb474b4><div data-test-e2e="add-to-cart-button" class="button-wrapper add-to-cart-button dense-grid-layout" data-v-1956333b data-v-4eb474b4><div data-test-e2e="add-to-cart-no-items" tabindex="0" role="button" class="button-no-items a11y-focus-standard" data-v-1956333b><!----> <div class="no-items-label dense-grid-layout" data-v-1956333b><svg version="1.1" viewBox="0 0 388 339" class="cart-icon svg-icon svg-fill" style="width:17px;height:15px;" data-v-1956333b><path fill="#fff" stroke="none" pid="0" id="Layer" fill-rule="evenodd" d="M128.11 224.12c-2.84 0-5.57 1.13-7.58 3.14a10.726 10.726 0 00-3.14 7.58c0 2.84 1.13 5.57 3.14 7.58 2.01 2.01 4.74 3.14 7.58 3.14h196.36c2.84 0 5.57 1.13 7.58 3.14 2.01 2.01 3.14 4.74 3.14 7.58s-1.13 5.57-3.14 7.58a10.726 10.726 0 01-7.58 3.14H128.11c-7.45.11-14.71-2.38-20.53-7.04a32.081 32.081 0 01-11.36-18.5 32.04 32.04 0 013-21.49c3.46-6.6 9.12-11.79 15.99-14.68-2.05-9.14-37.73-168.1-39.1-174.22H19.8c-2.84 0-5.57-1.13-7.58-3.14a10.726 10.726 0 01-3.14-7.58c0-2.84 1.13-5.57 3.14-7.58 2.01-2.01 4.74-3.14 7.58-3.14h65c1.22-.01 2.42.19 3.57.59 1.15.4 2.23.99 3.18 1.74.96.76 1.77 1.67 2.42 2.7.65 1.02 1.13 2.15 1.4 3.34l7.74 34.52h264.67a10.708 10.708 0 014.82 1.12c.75.37 1.46.83 2.1 1.36.64.53 1.22 1.13 1.73 1.79.5.66.93 1.37 1.26 2.13.34.75.59 1.55.74 2.36a10.555 10.555 0 01-.24 4.91l-43.31 150.13c-.33 1.12-.83 2.17-1.5 3.13-.66.95-1.48 1.8-2.41 2.49-.93.7-1.97 1.24-3.08 1.6-1.1.37-2.26.55-3.42.55H128.08l.03.03zm8.69-22.48h179.5L353.43 73H107.92l28.88 128.64z" fill="#000"/><path fill="#fff" stroke="none" pid="1" id="Layer" fill-rule="evenodd" d="M178.07 298.32c0 17.74-14.21 32.17-31.68 32.17s-31.68-14.43-31.68-32.17c0-17.74 14.21-32.17 31.68-32.17s31.68 14.43 31.68 32.17zm-27.98 9.94c1.18-.48 2.25-1.2 3.14-2.1.9-.89 1.62-1.96 2.1-3.14.49-1.17.74-2.43.74-3.7 0-3.92-2.36-7.44-5.98-8.94a9.66 9.66 0 00-10.54 2.1 9.66 9.66 0 00-2.1 10.54 9.672 9.672 0 008.94 5.98c1.27 0 2.53-.25 3.7-.74zM304.69 267c17.47 0 31.67 14.4 31.67 32.14 0 17.74-14.21 32.17-31.68 32.17S273 316.88 273 299.14c0-17.73 14.22-32.14 31.69-32.14zm-.3 22.71a9.7 9.7 0 00-3.68.73 9.534 9.534 0 00-3.12 2.08c-.9.89-1.6 1.95-2.09 3.12a9.7 9.7 0 00-.73 3.68 9.61 9.61 0 005.93 8.88c3.59 1.49 7.73.66 10.48-2.08a9.632 9.632 0 002.08-10.48 9.61 9.61 0 00-8.88-5.93h.01z" fill="#000"/></svg> <span class="cart-icon-text" data-v-1956333b>Add to cart</span></div></div></div></div></div></div></div></div> <div class="product-card-back" data-v-4eb474b4><div class="wishlist-drop-down-wrapper" style="display:none;" data-v-f16d327c data-v-4eb474b4><div class="wishlist-drop-down-banner" data-v-344dcb9e data-v-f16d327c>
    Choose a wishlist
    <svg version="1.1" viewBox="0 0 16 21" class="icon svg-icon svg-fill" style="width:16px;height:21px;" data-v-344dcb9e><path fill="white" stroke="none" pid="0" d="M7.683 8.068a.658.658 0 00-.929-.001l-2.16 2.161-.848-.849a.657.657 0 00-.928.928L4.13 11.62a.66.66 0 00.928.001l2.625-2.625a.657.657 0 000-.928zm0 5.25a.658.658 0 00-.929-.001l-2.16 2.161-.848-.848a.657.657 0 00-.928.928l1.312 1.313a.654.654 0 00.928 0l2.625-2.625a.657.657 0 000-.928zm4.786-4.13H9.844a.656.656 0 000 1.312h2.625a.656.656 0 000-1.313zm0 5.25H9.844a.656.656 0 000 1.312h2.625a.656.656 0 000-1.313z"/><path fill="white" stroke="none" pid="1" d="M14.438 2.625h-2.626v-.656a.656.656 0 00-.656-.657H9.732A1.974 1.974 0 007.875 0C7.019 0 6.29.549 6.018 1.313H4.594a.656.656 0 00-.657.656v.656H1.313C.589 2.625 0 3.215 0 3.938v15.75C0 20.41.59 21 1.313 21h13.124c.724 0 1.313-.59 1.313-1.313V3.938c0-.723-.59-1.312-1.313-1.312zm-9.188 0h1.313a.656.656 0 00.656-.656.656.656 0 011.312 0c0 .362.294.656.656.656H10.5v1.313H5.25V2.625zm9.188 17.063H1.312V3.938h2.625v.656c0 .362.294.656.657.656h6.562a.656.656 0 00.656-.656v-.657h2.626v15.75z"/></svg> <div class="closing-icon" style="display:none;" data-v-344dcb9e><svg version="1.1" viewBox="0 0 18 18" class="remove-icon svg-icon svg-fill" style="width:10px;height:10px;" data-v-344dcb9e><path fill="#fff" stroke="none" pid="0" fill="#333" d="M17.755 1.814A.699.699 0 0018 1.273a.738.738 0 00-.245-.554.803.803 0 00-.573-.219.855.855 0 00-.587.219L9 7.905 1.39.719A.797.797 0 00.818.5a.855.855 0 00-.586.219.758.758 0 00-.232.554c0 .213.077.394.232.54L7.841 9l-7.61 7.173a.761.761 0 00-.231.554c0 .214.077.394.232.541.165.155.36.232.586.232a.78.78 0 00.573-.232L9 10.095l7.595 7.173c.165.155.36.232.587.232a.781.781 0 00.573-.232.697.697 0 00.245-.54c0-.215-.081-.4-.245-.555L10.159 9l7.596-7.186z" fill-rule="evenodd"/></svg></div></div> <div class="wishlist-item-wrapper" data-v-b9033f4a data-v-f16d327c><div class="scroll" data-v-b9033f4a><div data-v-9444bd58 data-v-b9033f4a></div> <!----></div> <div class="wishlist-dropdown-link" data-v-b9033f4a><div data-v-697dda27 data-v-b9033f4a><div class="wishlist-link" data-v-697dda27><a data-v-697dda27>Create new wishlist</a></div> <div class="wishlist-link" data-v-697dda27><a data-v-697dda27>Manage wishlists</a></div></div></div></div></div></div></div></div></div><div class="swiper-slide cms-product-cards-carousel-slide" data-v-6dc1bbe5><div class="product-card-container" data-v-4eb474b4 data-v-6dc1bbe5><div class="product-card-wrapper" data-v-4eb474b4><div class="product-card" data-v-4eb474b4><div data-v-4eb474b4><div class="wishlist-wrapper" data-v-2ece9c9d><div class="wishlist-banner" style="display:none;" data-v-2ece9c9d><span data-v-2ece9c9d>
            
        </span> <!----></div> <div class="wishlist-icon dense-grid-layout" style="display:none;" data-v-2ece9c9d><span style="display:none;" data-v-2ece9c9d>Add to wishlist</span> <svg version="1.1" viewBox="0 0 16 21" class="icon svg-icon svg-fill" style="width:16px;height:21px;" data-v-2ece9c9d><path fill="#737373" stroke="none" pid="0" d="M7.683 8.068a.658.658 0 00-.929-.001l-2.16 2.161-.848-.849a.657.657 0 00-.928.928L4.13 11.62a.66.66 0 00.928.001l2.625-2.625a.657.657 0 000-.928zm0 5.25a.658.658 0 00-.929-.001l-2.16 2.161-.848-.848a.657.657 0 00-.928.928l1.312 1.313a.654.654 0 00.928 0l2.625-2.625a.657.657 0 000-.928zm4.786-4.13H9.844a.656.656 0 000 1.312h2.625a.656.656 0 000-1.313zm0 5.25H9.844a.656.656 0 000 1.312h2.625a.656.656 0 000-1.313z"/><path fill="#737373" stroke="none" pid="1" d="M14.438 2.625h-2.626v-.656a.656.656 0 00-.656-.657H9.732A1.974 1.974 0 007.875 0C7.019 0 6.29.549 6.018 1.313H4.594a.656.656 0 00-.657.656v.656H1.313C.589 2.625 0 3.215 0 3.938v15.75C0 20.41.59 21 1.313 21h13.124c.724 0 1.313-.59 1.313-1.313V3.938c0-.723-.59-1.312-1.313-1.312zm-9.188 0h1.313a.656.656 0 00.656-.656.656.656 0 011.312 0c0 .362.294.656.656.656H10.5v1.313H5.25V2.625zm9.188 17.063H1.312V3.938h2.625v.656c0 .362.294.656.657.656h6.562a.656.656 0 00.656-.656v-.657h2.626v15.75z"/></svg></div></div> <!----></div> <div class="product-card-event-label-wrapper" data-v-4eb474b4><!----></div> <div class="product-card-content" data-v-4eb474b4><a href="/us_en/eataly-delicate-balsamic-vinegar-8-8-oz" class="product-link" data-v-4eb474b4><div class="product-card-image-name-manufacturer" data-v-4eb474b4><div class="product-card-image" data-v-4eb474b4><img width="200" height="200" alt="Delicate Balsamic Vinegar" src="https://www.eataly.com/media/catalog/product/e/a/eataly-delicate-balsamic-vinegar-8-8-oz_thumbnail.jpg" loading="lazy" class="product-image" data-v-4eb474b4> <div class="product-badge product-badge product-badge--discount" data-v-608c9b3f data-v-4eb474b4><span data-v-608c9b3f>Offer -20%</span></div></div> <div class="name-manufacturer" data-v-4eb474b4><div data-test-e2e="product-card-product-name" class="product-card-name" data-v-4eb474b4><span data-v-4eb474b4>
                                    Delicate Balsamic Vinegar
                                </span></div> <div class="product-card-manufacturer" data-v-4eb474b4><!----> <span data-v-4eb474b4>
                                    Eataly
                                </span></div> <!----></div></div></a> <div class="product-card-price-add-info" data-v-4eb474b4><!----> <div class="add-info" data-v-4eb474b4><div class="product-card-info" data-v-4eb474b4><div class="item-info" data-v-4eb474b4><div data-v-4eb474b4>$2,27/Oz</div> <div data-v-4eb474b4>8.8 Oz</div></div> <div class="price" data-v-4eb474b4><div class="original-price" data-v-4eb474b4>
                                    $24.99
                                </div> <div class="final-price" data-v-4eb474b4>$19.99</div></div></div> <div class="product-card-add" data-v-4eb474b4><div data-test-e2e="add-to-cart-button" class="button-wrapper add-to-cart-button dense-grid-layout" data-v-1956333b data-v-4eb474b4><div data-test-e2e="add-to-cart-no-items" tabindex="0" role="button" class="button-no-items a11y-focus-standard" data-v-1956333b><!----> <div class="no-items-label dense-grid-layout" data-v-1956333b><svg version="1.1" viewBox="0 0 388 339" class="cart-icon svg-icon svg-fill" style="width:17px;height:15px;" data-v-1956333b><path fill="#fff" stroke="none" pid="0" id="Layer" fill-rule="evenodd" d="M128.11 224.12c-2.84 0-5.57 1.13-7.58 3.14a10.726 10.726 0 00-3.14 7.58c0 2.84 1.13 5.57 3.14 7.58 2.01 2.01 4.74 3.14 7.58 3.14h196.36c2.84 0 5.57 1.13 7.58 3.14 2.01 2.01 3.14 4.74 3.14 7.58s-1.13 5.57-3.14 7.58a10.726 10.726 0 01-7.58 3.14H128.11c-7.45.11-14.71-2.38-20.53-7.04a32.081 32.081 0 01-11.36-18.5 32.04 32.04 0 013-21.49c3.46-6.6 9.12-11.79 15.99-14.68-2.05-9.14-37.73-168.1-39.1-174.22H19.8c-2.84 0-5.57-1.13-7.58-3.14a10.726 10.726 0 01-3.14-7.58c0-2.84 1.13-5.57 3.14-7.58 2.01-2.01 4.74-3.14 7.58-3.14h65c1.22-.01 2.42.19 3.57.59 1.15.4 2.23.99 3.18 1.74.96.76 1.77 1.67 2.42 2.7.65 1.02 1.13 2.15 1.4 3.34l7.74 34.52h264.67a10.708 10.708 0 014.82 1.12c.75.37 1.46.83 2.1 1.36.64.53 1.22 1.13 1.73 1.79.5.66.93 1.37 1.26 2.13.34.75.59 1.55.74 2.36a10.555 10.555 0 01-.24 4.91l-43.31 150.13c-.33 1.12-.83 2.17-1.5 3.13-.66.95-1.48 1.8-2.41 2.49-.93.7-1.97 1.24-3.08 1.6-1.1.37-2.26.55-3.42.55H128.08l.03.03zm8.69-22.48h179.5L353.43 73H107.92l28.88 128.64z" fill="#000"/><path fill="#fff" stroke="none" pid="1" id="Layer" fill-rule="evenodd" d="M178.07 298.32c0 17.74-14.21 32.17-31.68 32.17s-31.68-14.43-31.68-32.17c0-17.74 14.21-32.17 31.68-32.17s31.68 14.43 31.68 32.17zm-27.98 9.94c1.18-.48 2.25-1.2 3.14-2.1.9-.89 1.62-1.96 2.1-3.14.49-1.17.74-2.43.74-3.7 0-3.92-2.36-7.44-5.98-8.94a9.66 9.66 0 00-10.54 2.1 9.66 9.66 0 00-2.1 10.54 9.672 9.672 0 008.94 5.98c1.27 0 2.53-.25 3.7-.74zM304.69 267c17.47 0 31.67 14.4 31.67 32.14 0 17.74-14.21 32.17-31.68 32.17S273 316.88 273 299.14c0-17.73 14.22-32.14 31.69-32.14zm-.3 22.71a9.7 9.7 0 00-3.68.73 9.534 9.534 0 00-3.12 2.08c-.9.89-1.6 1.95-2.09 3.12a9.7 9.7 0 00-.73 3.68 9.61 9.61 0 005.93 8.88c3.59 1.49 7.73.66 10.48-2.08a9.632 9.632 0 002.08-10.48 9.61 9.61 0 00-8.88-5.93h.01z" fill="#000"/></svg> <span class="cart-icon-text" data-v-1956333b>Add to cart</span></div></div></div></div></div></div></div></div> <div class="product-card-back" data-v-4eb474b4><div class="wishlist-drop-down-wrapper" style="display:none;" data-v-f16d327c data-v-4eb474b4><div class="wishlist-drop-down-banner" data-v-344dcb9e data-v-f16d327c>
    Choose a wishlist
    <svg version="1.1" viewBox="0 0 16 21" class="icon svg-icon svg-fill" style="width:16px;height:21px;" data-v-344dcb9e><path fill="white" stroke="none" pid="0" d="M7.683 8.068a.658.658 0 00-.929-.001l-2.16 2.161-.848-.849a.657.657 0 00-.928.928L4.13 11.62a.66.66 0 00.928.001l2.625-2.625a.657.657 0 000-.928zm0 5.25a.658.658 0 00-.929-.001l-2.16 2.161-.848-.848a.657.657 0 00-.928.928l1.312 1.313a.654.654 0 00.928 0l2.625-2.625a.657.657 0 000-.928zm4.786-4.13H9.844a.656.656 0 000 1.312h2.625a.656.656 0 000-1.313zm0 5.25H9.844a.656.656 0 000 1.312h2.625a.656.656 0 000-1.313z"/><path fill="white" stroke="none" pid="1" d="M14.438 2.625h-2.626v-.656a.656.656 0 00-.656-.657H9.732A1.974 1.974 0 007.875 0C7.019 0 6.29.549 6.018 1.313H4.594a.656.656 0 00-.657.656v.656H1.313C.589 2.625 0 3.215 0 3.938v15.75C0 20.41.59 21 1.313 21h13.124c.724 0 1.313-.59 1.313-1.313V3.938c0-.723-.59-1.312-1.313-1.312zm-9.188 0h1.313a.656.656 0 00.656-.656.656.656 0 011.312 0c0 .362.294.656.656.656H10.5v1.313H5.25V2.625zm9.188 17.063H1.312V3.938h2.625v.656c0 .362.294.656.657.656h6.562a.656.656 0 00.656-.656v-.657h2.626v15.75z"/></svg> <div class="closing-icon" style="display:none;" data-v-344dcb9e><svg version="1.1" viewBox="0 0 18 18" class="remove-icon svg-icon svg-fill" style="width:10px;height:10px;" data-v-344dcb9e><path fill="#fff" stroke="none" pid="0" fill="#333" d="M17.755 1.814A.699.699 0 0018 1.273a.738.738 0 00-.245-.554.803.803 0 00-.573-.219.855.855 0 00-.587.219L9 7.905 1.39.719A.797.797 0 00.818.5a.855.855 0 00-.586.219.758.758 0 00-.232.554c0 .213.077.394.232.54L7.841 9l-7.61 7.173a.761.761 0 00-.231.554c0 .214.077.394.232.541.165.155.36.232.586.232a.78.78 0 00.573-.232L9 10.095l7.595 7.173c.165.155.36.232.587.232a.781.781 0 00.573-.232.697.697 0 00.245-.54c0-.215-.081-.4-.245-.555L10.159 9l7.596-7.186z" fill-rule="evenodd"/></svg></div></div> <div class="wishlist-item-wrapper" data-v-b9033f4a data-v-f16d327c><div class="scroll" data-v-b9033f4a><div data-v-9444bd58 data-v-b9033f4a></div> <!----></div> <div class="wishlist-dropdown-link" data-v-b9033f4a><div data-v-697dda27 data-v-b9033f4a><div class="wishlist-link" data-v-697dda27><a data-v-697dda27>Create new wishlist</a></div> <div class="wishlist-link" data-v-697dda27><a data-v-697dda27>Manage wishlists</a></div></div></div></div></div></div></div></div></div><div class="swiper-slide cms-product-cards-carousel-slide" data-v-6dc1bbe5><div class="product-card-container" data-v-4eb474b4 data-v-6dc1bbe5><div class="product-card-wrapper" data-v-4eb474b4><div class="product-card" data-v-4eb474b4><div data-v-4eb474b4><div class="wishlist-wrapper" data-v-2ece9c9d><div class="wishlist-banner" style="display:none;" data-v-2ece9c9d><span data-v-2ece9c9d>
            
        </span> <!----></div> <div class="wishlist-icon dense-grid-layout" style="display:none;" data-v-2ece9c9d><span style="display:none;" data-v-2ece9c9d>Add to wishlist</span> <svg version="1.1" viewBox="0 0 16 21" class="icon svg-icon svg-fill" style="width:16px;height:21px;" data-v-2ece9c9d><path fill="#737373" stroke="none" pid="0" d="M7.683 8.068a.658.658 0 00-.929-.001l-2.16 2.161-.848-.849a.657.657 0 00-.928.928L4.13 11.62a.66.66 0 00.928.001l2.625-2.625a.657.657 0 000-.928zm0 5.25a.658.658 0 00-.929-.001l-2.16 2.161-.848-.848a.657.657 0 00-.928.928l1.312 1.313a.654.654 0 00.928 0l2.625-2.625a.657.657 0 000-.928zm4.786-4.13H9.844a.656.656 0 000 1.312h2.625a.656.656 0 000-1.313zm0 5.25H9.844a.656.656 0 000 1.312h2.625a.656.656 0 000-1.313z"/><path fill="#737373" stroke="none" pid="1" d="M14.438 2.625h-2.626v-.656a.656.656 0 00-.656-.657H9.732A1.974 1.974 0 007.875 0C7.019 0 6.29.549 6.018 1.313H4.594a.656.656 0 00-.657.656v.656H1.313C.589 2.625 0 3.215 0 3.938v15.75C0 20.41.59 21 1.313 21h13.124c.724 0 1.313-.59 1.313-1.313V3.938c0-.723-.59-1.312-1.313-1.312zm-9.188 0h1.313a.656.656 0 00.656-.656.656.656 0 011.312 0c0 .362.294.656.656.656H10.5v1.313H5.25V2.625zm9.188 17.063H1.312V3.938h2.625v.656c0 .362.294.656.657.656h6.562a.656.656 0 00.656-.656v-.657h2.626v15.75z"/></svg></div></div> <!----></div> <div class="product-card-event-label-wrapper" data-v-4eb474b4><div class="event-label tiny text-only" data-v-e009e9de data-v-4eb474b4><!----> <div class="event-label-text" data-v-e009e9de><div class="event-label-text-title" data-v-e009e9de>
            Best Seller
        </div> <!----></div></div></div> <div class="product-card-content" data-v-4eb474b4><a href="/us_en/eataly-hazelnut-spread-8-1-oz" class="product-link" data-v-4eb474b4><div class="product-card-image-name-manufacturer" data-v-4eb474b4><div class="product-card-image" data-v-4eb474b4><img width="200" height="200" alt="Hazelnut Spread" src="https://www.eataly.com/media/catalog/product/e/a/eataly-hazelnut-spread-8-1-oz_thumbnail.jpg" loading="lazy" class="product-image" data-v-4eb474b4> <div class="product-badge product-badge product-badge--discount" data-v-608c9b3f data-v-4eb474b4><span data-v-608c9b3f>Offer -20%</span></div></div> <div class="name-manufacturer" data-v-4eb474b4><div data-test-e2e="product-card-product-name" class="product-card-name" data-v-4eb474b4><span data-v-4eb474b4>
                                    Hazelnut Spread
                                </span></div> <div class="product-card-manufacturer" data-v-4eb474b4><!----> <span data-v-4eb474b4>
                                    Eataly
                                </span></div> <!----></div></div></a> <div class="product-card-price-add-info" data-v-4eb474b4><!----> <div class="add-info" data-v-4eb474b4><div class="product-card-info" data-v-4eb474b4><div class="item-info" data-v-4eb474b4><div data-v-4eb474b4>$1,97/Oz</div> <div data-v-4eb474b4>8.1 Oz</div></div> <div class="price" data-v-4eb474b4><div class="original-price" data-v-4eb474b4>
                                    $19.99
                                </div> <div class="final-price" data-v-4eb474b4>$15.99</div></div></div> <div class="product-card-add" data-v-4eb474b4><div data-test-e2e="add-to-cart-button" class="button-wrapper add-to-cart-button dense-grid-layout" data-v-1956333b data-v-4eb474b4><div data-test-e2e="add-to-cart-no-items" tabindex="0" role="button" class="button-no-items a11y-focus-standard" data-v-1956333b><!----> <div class="no-items-label dense-grid-layout" data-v-1956333b><svg version="1.1" viewBox="0 0 388 339" class="cart-icon svg-icon svg-fill" style="width:17px;height:15px;" data-v-1956333b><path fill="#fff" stroke="none" pid="0" id="Layer" fill-rule="evenodd" d="M128.11 224.12c-2.84 0-5.57 1.13-7.58 3.14a10.726 10.726 0 00-3.14 7.58c0 2.84 1.13 5.57 3.14 7.58 2.01 2.01 4.74 3.14 7.58 3.14h196.36c2.84 0 5.57 1.13 7.58 3.14 2.01 2.01 3.14 4.74 3.14 7.58s-1.13 5.57-3.14 7.58a10.726 10.726 0 01-7.58 3.14H128.11c-7.45.11-14.71-2.38-20.53-7.04a32.081 32.081 0 01-11.36-18.5 32.04 32.04 0 013-21.49c3.46-6.6 9.12-11.79 15.99-14.68-2.05-9.14-37.73-168.1-39.1-174.22H19.8c-2.84 0-5.57-1.13-7.58-3.14a10.726 10.726 0 01-3.14-7.58c0-2.84 1.13-5.57 3.14-7.58 2.01-2.01 4.74-3.14 7.58-3.14h65c1.22-.01 2.42.19 3.57.59 1.15.4 2.23.99 3.18 1.74.96.76 1.77 1.67 2.42 2.7.65 1.02 1.13 2.15 1.4 3.34l7.74 34.52h264.67a10.708 10.708 0 014.82 1.12c.75.37 1.46.83 2.1 1.36.64.53 1.22 1.13 1.73 1.79.5.66.93 1.37 1.26 2.13.34.75.59 1.55.74 2.36a10.555 10.555 0 01-.24 4.91l-43.31 150.13c-.33 1.12-.83 2.17-1.5 3.13-.66.95-1.48 1.8-2.41 2.49-.93.7-1.97 1.24-3.08 1.6-1.1.37-2.26.55-3.42.55H128.08l.03.03zm8.69-22.48h179.5L353.43 73H107.92l28.88 128.64z" fill="#000"/><path fill="#fff" stroke="none" pid="1" id="Layer" fill-rule="evenodd" d="M178.07 298.32c0 17.74-14.21 32.17-31.68 32.17s-31.68-14.43-31.68-32.17c0-17.74 14.21-32.17 31.68-32.17s31.68 14.43 31.68 32.17zm-27.98 9.94c1.18-.48 2.25-1.2 3.14-2.1.9-.89 1.62-1.96 2.1-3.14.49-1.17.74-2.43.74-3.7 0-3.92-2.36-7.44-5.98-8.94a9.66 9.66 0 00-10.54 2.1 9.66 9.66 0 00-2.1 10.54 9.672 9.672 0 008.94 5.98c1.27 0 2.53-.25 3.7-.74zM304.69 267c17.47 0 31.67 14.4 31.67 32.14 0 17.74-14.21 32.17-31.68 32.17S273 316.88 273 299.14c0-17.73 14.22-32.14 31.69-32.14zm-.3 22.71a9.7 9.7 0 00-3.68.73 9.534 9.534 0 00-3.12 2.08c-.9.89-1.6 1.95-2.09 3.12a9.7 9.7 0 00-.73 3.68 9.61 9.61 0 005.93 8.88c3.59 1.49 7.73.66 10.48-2.08a9.632 9.632 0 002.08-10.48 9.61 9.61 0 00-8.88-5.93h.01z" fill="#000"/></svg> <span class="cart-icon-text" data-v-1956333b>Add to cart</span></div></div></div></div></div></div></div></div> <div class="product-card-back" data-v-4eb474b4><div class="wishlist-drop-down-wrapper" style="display:none;" data-v-f16d327c data-v-4eb474b4><div class="wishlist-drop-down-banner" data-v-344dcb9e data-v-f16d327c>
    Choose a wishlist
    <svg version="1.1" viewBox="0 0 16 21" class="icon svg-icon svg-fill" style="width:16px;height:21px;" data-v-344dcb9e><path fill="white" stroke="none" pid="0" d="M7.683 8.068a.658.658 0 00-.929-.001l-2.16 2.161-.848-.849a.657.657 0 00-.928.928L4.13 11.62a.66.66 0 00.928.001l2.625-2.625a.657.657 0 000-.928zm0 5.25a.658.658 0 00-.929-.001l-2.16 2.161-.848-.848a.657.657 0 00-.928.928l1.312 1.313a.654.654 0 00.928 0l2.625-2.625a.657.657 0 000-.928zm4.786-4.13H9.844a.656.656 0 000 1.312h2.625a.656.656 0 000-1.313zm0 5.25H9.844a.656.656 0 000 1.312h2.625a.656.656 0 000-1.313z"/><path fill="white" stroke="none" pid="1" d="M14.438 2.625h-2.626v-.656a.656.656 0 00-.656-.657H9.732A1.974 1.974 0 007.875 0C7.019 0 6.29.549 6.018 1.313H4.594a.656.656 0 00-.657.656v.656H1.313C.589 2.625 0 3.215 0 3.938v15.75C0 20.41.59 21 1.313 21h13.124c.724 0 1.313-.59 1.313-1.313V3.938c0-.723-.59-1.312-1.313-1.312zm-9.188 0h1.313a.656.656 0 00.656-.656.656.656 0 011.312 0c0 .362.294.656.656.656H10.5v1.313H5.25V2.625zm9.188 17.063H1.312V3.938h2.625v.656c0 .362.294.656.657.656h6.562a.656.656 0 00.656-.656v-.657h2.626v15.75z"/></svg> <div class="closing-icon" style="display:none;" data-v-344dcb9e><svg version="1.1" viewBox="0 0 18 18" class="remove-icon svg-icon svg-fill" style="width:10px;height:10px;" data-v-344dcb9e><path fill="#fff" stroke="none" pid="0" fill="#333" d="M17.755 1.814A.699.699 0 0018 1.273a.738.738 0 00-.245-.554.803.803 0 00-.573-.219.855.855 0 00-.587.219L9 7.905 1.39.719A.797.797 0 00.818.5a.855.855 0 00-.586.219.758.758 0 00-.232.554c0 .213.077.394.232.54L7.841 9l-7.61 7.173a.761.761 0 00-.231.554c0 .214.077.394.232.541.165.155.36.232.586.232a.78.78 0 00.573-.232L9 10.095l7.595 7.173c.165.155.36.232.587.232a.781.781 0 00.573-.232.697.697 0 00.245-.54c0-.215-.081-.4-.245-.555L10.159 9l7.596-7.186z" fill-rule="evenodd"/></svg></div></div> <div class="wishlist-item-wrapper" data-v-b9033f4a data-v-f16d327c><div class="scroll" data-v-b9033f4a><div data-v-9444bd58 data-v-b9033f4a></div> <!----></div> <div class="wishlist-dropdown-link" data-v-b9033f4a><div data-v-697dda27 data-v-b9033f4a><div class="wishlist-link" data-v-697dda27><a data-v-697dda27>Create new wishlist</a></div> <div class="wishlist-link" data-v-697dda27><a data-v-697dda27>Manage wishlists</a></div></div></div></div></div></div></div></div></div></div></div> <div class="swiper-container-desktop" data-v-6dc1bbe5><div class="swiper-wrapper cms-product-cards-carousel" data-v-6dc1bbe5><div class="swiper-slide cms-product-cards-carousel-slide" data-v-6dc1bbe5><div class="product-card-container" data-v-4eb474b4 data-v-6dc1bbe5><div class="product-card-wrapper" data-v-4eb474b4><div class="product-card" data-v-4eb474b4><div data-v-4eb474b4><div class="wishlist-wrapper" data-v-2ece9c9d><div class="wishlist-banner" style="display:none;" data-v-2ece9c9d><span data-v-2ece9c9d>
            
        </span> <!----></div> <div class="wishlist-icon dense-grid-layout" style="display:none;" data-v-2ece9c9d><span style="display:none;" data-v-2ece9c9d>Add to wishlist</span> <svg version="1.1" viewBox="0 0 16 21" class="icon svg-icon svg-fill" style="width:16px;height:21px;" data-v-2ece9c9d><path fill="#737373" stroke="none" pid="0" d="M7.683 8.068a.658.658 0 00-.929-.001l-2.16 2.161-.848-.849a.657.657 0 00-.928.928L4.13 11.62a.66.66 0 00.928.001l2.625-2.625a.657.657 0 000-.928zm0 5.25a.658.658 0 00-.929-.001l-2.16 2.161-.848-.848a.657.657 0 00-.928.928l1.312 1.313a.654.654 0 00.928 0l2.625-2.625a.657.657 0 000-.928zm4.786-4.13H9.844a.656.656 0 000 1.312h2.625a.656.656 0 000-1.313zm0 5.25H9.844a.656.656 0 000 1.312h2.625a.656.656 0 000-1.313z"/><path fill="#737373" stroke="none" pid="1" d="M14.438 2.625h-2.626v-.656a.656.656 0 00-.656-.657H9.732A1.974 1.974 0 007.875 0C7.019 0 6.29.549 6.018 1.313H4.594a.656.656 0 00-.657.656v.656H1.313C.589 2.625 0 3.215 0 3.938v15.75C0 20.41.59 21 1.313 21h13.124c.724 0 1.313-.59 1.313-1.313V3.938c0-.723-.59-1.312-1.313-1.312zm-9.188 0h1.313a.656.656 0 00.656-.656.656.656 0 011.312 0c0 .362.294.656.656.656H10.5v1.313H5.25V2.625zm9.188 17.063H1.312V3.938h2.625v.656c0 .362.294.656.657.656h6.562a.656.656 0 00.656-.656v-.657h2.626v15.75z"/></svg></div></div> <!----></div> <div class="product-card-event-label-wrapper" data-v-4eb474b4><!----></div> <div class="product-card-content" data-v-4eb474b4><a href="/us_en/apertivo-candle" class="product-link" data-v-4eb474b4><div class="product-card-image-name-manufacturer" data-v-4eb474b4><div class="product-card-image" data-v-4eb474b4><img width="200" height="200" alt="Apertivo Candle" src="https://www.eataly.com/media/catalog/product/a/d/adobe_express_-_file_7__3.png" loading="lazy" class="product-image" data-v-4eb474b4> <!----></div> <div class="name-manufacturer" data-v-4eb474b4><div data-test-e2e="product-card-product-name" class="product-card-name" data-v-4eb474b4><span data-v-4eb474b4>
                                    Apertivo Candle
                                </span></div> <div class="product-card-manufacturer" data-v-4eb474b4><!----> <span data-v-4eb474b4>
                                    Eataly
                                </span></div> <!----></div></div></a> <div class="product-card-price-add-info" data-v-4eb474b4><!----> <div class="add-info" data-v-4eb474b4><div class="product-card-info" data-v-4eb474b4><div class="item-info" data-v-4eb474b4><div data-v-4eb474b4>$99,98/Lb</div> <div data-v-4eb474b4>0.53 Lb</div></div> <div class="price" data-v-4eb474b4><div class="original-price" data-v-4eb474b4>
                                    
                                </div> <div class="final-price" data-v-4eb474b4>$52.99</div></div></div> <div class="product-card-add" data-v-4eb474b4><div data-test-e2e="add-to-cart-button" class="button-wrapper add-to-cart-button dense-grid-layout" data-v-1956333b data-v-4eb474b4><div data-test-e2e="add-to-cart-no-items" tabindex="0" role="button" class="button-no-items a11y-focus-standard" data-v-1956333b><!----> <div class="no-items-label dense-grid-layout" data-v-1956333b><svg version="1.1" viewBox="0 0 388 339" class="cart-icon svg-icon svg-fill" style="width:17px;height:15px;" data-v-1956333b><path fill="#fff" stroke="none" pid="0" id="Layer" fill-rule="evenodd" d="M128.11 224.12c-2.84 0-5.57 1.13-7.58 3.14a10.726 10.726 0 00-3.14 7.58c0 2.84 1.13 5.57 3.14 7.58 2.01 2.01 4.74 3.14 7.58 3.14h196.36c2.84 0 5.57 1.13 7.58 3.14 2.01 2.01 3.14 4.74 3.14 7.58s-1.13 5.57-3.14 7.58a10.726 10.726 0 01-7.58 3.14H128.11c-7.45.11-14.71-2.38-20.53-7.04a32.081 32.081 0 01-11.36-18.5 32.04 32.04 0 013-21.49c3.46-6.6 9.12-11.79 15.99-14.68-2.05-9.14-37.73-168.1-39.1-174.22H19.8c-2.84 0-5.57-1.13-7.58-3.14a10.726 10.726 0 01-3.14-7.58c0-2.84 1.13-5.57 3.14-7.58 2.01-2.01 4.74-3.14 7.58-3.14h65c1.22-.01 2.42.19 3.57.59 1.15.4 2.23.99 3.18 1.74.96.76 1.77 1.67 2.42 2.7.65 1.02 1.13 2.15 1.4 3.34l7.74 34.52h264.67a10.708 10.708 0 014.82 1.12c.75.37 1.46.83 2.1 1.36.64.53 1.22 1.13 1.73 1.79.5.66.93 1.37 1.26 2.13.34.75.59 1.55.74 2.36a10.555 10.555 0 01-.24 4.91l-43.31 150.13c-.33 1.12-.83 2.17-1.5 3.13-.66.95-1.48 1.8-2.41 2.49-.93.7-1.97 1.24-3.08 1.6-1.1.37-2.26.55-3.42.55H128.08l.03.03zm8.69-22.48h179.5L353.43 73H107.92l28.88 128.64z" fill="#000"/><path fill="#fff" stroke="none" pid="1" id="Layer" fill-rule="evenodd" d="M178.07 298.32c0 17.74-14.21 32.17-31.68 32.17s-31.68-14.43-31.68-32.17c0-17.74 14.21-32.17 31.68-32.17s31.68 14.43 31.68 32.17zm-27.98 9.94c1.18-.48 2.25-1.2 3.14-2.1.9-.89 1.62-1.96 2.1-3.14.49-1.17.74-2.43.74-3.7 0-3.92-2.36-7.44-5.98-8.94a9.66 9.66 0 00-10.54 2.1 9.66 9.66 0 00-2.1 10.54 9.672 9.672 0 008.94 5.98c1.27 0 2.53-.25 3.7-.74zM304.69 267c17.47 0 31.67 14.4 31.67 32.14 0 17.74-14.21 32.17-31.68 32.17S273 316.88 273 299.14c0-17.73 14.22-32.14 31.69-32.14zm-.3 22.71a9.7 9.7 0 00-3.68.73 9.534 9.534 0 00-3.12 2.08c-.9.89-1.6 1.95-2.09 3.12a9.7 9.7 0 00-.73 3.68 9.61 9.61 0 005.93 8.88c3.59 1.49 7.73.66 10.48-2.08a9.632 9.632 0 002.08-10.48 9.61 9.61 0 00-8.88-5.93h.01z" fill="#000"/></svg> <span class="cart-icon-text" data-v-1956333b>Add to cart</span></div></div></div></div></div></div></div></div> <div class="product-card-back" data-v-4eb474b4><div class="wishlist-drop-down-wrapper" style="display:none;" data-v-f16d327c data-v-4eb474b4><div class="wishlist-drop-down-banner" data-v-344dcb9e data-v-f16d327c>
    Choose a wishlist
    <svg version="1.1" viewBox="0 0 16 21" class="icon svg-icon svg-fill" style="width:16px;height:21px;" data-v-344dcb9e><path fill="white" stroke="none" pid="0" d="M7.683 8.068a.658.658 0 00-.929-.001l-2.16 2.161-.848-.849a.657.657 0 00-.928.928L4.13 11.62a.66.66 0 00.928.001l2.625-2.625a.657.657 0 000-.928zm0 5.25a.658.658 0 00-.929-.001l-2.16 2.161-.848-.848a.657.657 0 00-.928.928l1.312 1.313a.654.654 0 00.928 0l2.625-2.625a.657.657 0 000-.928zm4.786-4.13H9.844a.656.656 0 000 1.312h2.625a.656.656 0 000-1.313zm0 5.25H9.844a.656.656 0 000 1.312h2.625a.656.656 0 000-1.313z"/><path fill="white" stroke="none" pid="1" d="M14.438 2.625h-2.626v-.656a.656.656 0 00-.656-.657H9.732A1.974 1.974 0 007.875 0C7.019 0 6.29.549 6.018 1.313H4.594a.656.656 0 00-.657.656v.656H1.313C.589 2.625 0 3.215 0 3.938v15.75C0 20.41.59 21 1.313 21h13.124c.724 0 1.313-.59 1.313-1.313V3.938c0-.723-.59-1.312-1.313-1.312zm-9.188 0h1.313a.656.656 0 00.656-.656.656.656 0 011.312 0c0 .362.294.656.656.656H10.5v1.313H5.25V2.625zm9.188 17.063H1.312V3.938h2.625v.656c0 .362.294.656.657.656h6.562a.656.656 0 00.656-.656v-.657h2.626v15.75z"/></svg> <div class="closing-icon" style="display:none;" data-v-344dcb9e><svg version="1.1" viewBox="0 0 18 18" class="remove-icon svg-icon svg-fill" style="width:10px;height:10px;" data-v-344dcb9e><path fill="#fff" stroke="none" pid="0" fill="#333" d="M17.755 1.814A.699.699 0 0018 1.273a.738.738 0 00-.245-.554.803.803 0 00-.573-.219.855.855 0 00-.587.219L9 7.905 1.39.719A.797.797 0 00.818.5a.855.855 0 00-.586.219.758.758 0 00-.232.554c0 .213.077.394.232.54L7.841 9l-7.61 7.173a.761.761 0 00-.231.554c0 .214.077.394.232.541.165.155.36.232.586.232a.78.78 0 00.573-.232L9 10.095l7.595 7.173c.165.155.36.232.587.232a.781.781 0 00.573-.232.697.697 0 00.245-.54c0-.215-.081-.4-.245-.555L10.159 9l7.596-7.186z" fill-rule="evenodd"/></svg></div></div> <div class="wishlist-item-wrapper" data-v-b9033f4a data-v-f16d327c><div class="scroll" data-v-b9033f4a><div data-v-9444bd58 data-v-b9033f4a></div> <!----></div> <div class="wishlist-dropdown-link" data-v-b9033f4a><div data-v-697dda27 data-v-b9033f4a><div class="wishlist-link" data-v-697dda27><a data-v-697dda27>Create new wishlist</a></div> <div class="wishlist-link" data-v-697dda27><a data-v-697dda27>Manage wishlists</a></div></div></div></div></div></div></div></div></div><div class="swiper-slide cms-product-cards-carousel-slide" data-v-6dc1bbe5><div class="product-card-container" data-v-4eb474b4 data-v-6dc1bbe5><div class="product-card-wrapper" data-v-4eb474b4><div class="product-card" data-v-4eb474b4><div data-v-4eb474b4><div class="wishlist-wrapper" data-v-2ece9c9d><div class="wishlist-banner" style="display:none;" data-v-2ece9c9d><span data-v-2ece9c9d>
            
        </span> <!----></div> <div class="wishlist-icon dense-grid-layout" style="display:none;" data-v-2ece9c9d><span style="display:none;" data-v-2ece9c9d>Add to wishlist</span> <svg version="1.1" viewBox="0 0 16 21" class="icon svg-icon svg-fill" style="width:16px;height:21px;" data-v-2ece9c9d><path fill="#737373" stroke="none" pid="0" d="M7.683 8.068a.658.658 0 00-.929-.001l-2.16 2.161-.848-.849a.657.657 0 00-.928.928L4.13 11.62a.66.66 0 00.928.001l2.625-2.625a.657.657 0 000-.928zm0 5.25a.658.658 0 00-.929-.001l-2.16 2.161-.848-.848a.657.657 0 00-.928.928l1.312 1.313a.654.654 0 00.928 0l2.625-2.625a.657.657 0 000-.928zm4.786-4.13H9.844a.656.656 0 000 1.312h2.625a.656.656 0 000-1.313zm0 5.25H9.844a.656.656 0 000 1.312h2.625a.656.656 0 000-1.313z"/><path fill="#737373" stroke="none" pid="1" d="M14.438 2.625h-2.626v-.656a.656.656 0 00-.656-.657H9.732A1.974 1.974 0 007.875 0C7.019 0 6.29.549 6.018 1.313H4.594a.656.656 0 00-.657.656v.656H1.313C.589 2.625 0 3.215 0 3.938v15.75C0 20.41.59 21 1.313 21h13.124c.724 0 1.313-.59 1.313-1.313V3.938c0-.723-.59-1.312-1.313-1.312zm-9.188 0h1.313a.656.656 0 00.656-.656.656.656 0 011.312 0c0 .362.294.656.656.656H10.5v1.313H5.25V2.625zm9.188 17.063H1.312V3.938h2.625v.656c0 .362.294.656.657.656h6.562a.656.656 0 00.656-.656v-.657h2.626v15.75z"/></svg></div></div> <!----></div> <div class="product-card-event-label-wrapper" data-v-4eb474b4><!----></div> <div class="product-card-content" data-v-4eb474b4><a href="/us_en/fusilloni-tricolore" class="product-link" data-v-4eb474b4><div class="product-card-image-name-manufacturer" data-v-4eb474b4><div class="product-card-image" data-v-4eb474b4><img width="200" height="200" alt="Tricolore Fusilloni" src="https://www.eataly.com/media/catalog/product/a/d/adobe_express_-_file_4__1.jpg" loading="lazy" class="product-image" data-v-4eb474b4> <!----></div> <div class="name-manufacturer" data-v-4eb474b4><div data-test-e2e="product-card-product-name" class="product-card-name" data-v-4eb474b4><span data-v-4eb474b4>
                                    Tricolore Fusilloni
                                </span></div> <div class="product-card-manufacturer" data-v-4eb474b4><!----> <span data-v-4eb474b4>
                                    Eataly
                                </span></div> <!----></div></div></a> <div class="product-card-price-add-info" data-v-4eb474b4><!----> <div class="add-info" data-v-4eb474b4><div class="product-card-info" data-v-4eb474b4><div class="item-info" data-v-4eb474b4><div data-v-4eb474b4>$0,74/Oz</div> <div data-v-4eb474b4>17.6 Oz</div></div> <div class="price" data-v-4eb474b4><div class="original-price" data-v-4eb474b4>
                                    
                                </div> <div class="final-price" data-v-4eb474b4>$12.99</div></div></div> <div class="product-card-add" data-v-4eb474b4><div data-test-e2e="add-to-cart-button" class="button-wrapper add-to-cart-button dense-grid-layout" data-v-1956333b data-v-4eb474b4><div data-test-e2e="add-to-cart-no-items" tabindex="0" role="button" class="button-no-items a11y-focus-standard" data-v-1956333b><!----> <div class="no-items-label dense-grid-layout" data-v-1956333b><svg version="1.1" viewBox="0 0 388 339" class="cart-icon svg-icon svg-fill" style="width:17px;height:15px;" data-v-1956333b><path fill="#fff" stroke="none" pid="0" id="Layer" fill-rule="evenodd" d="M128.11 224.12c-2.84 0-5.57 1.13-7.58 3.14a10.726 10.726 0 00-3.14 7.58c0 2.84 1.13 5.57 3.14 7.58 2.01 2.01 4.74 3.14 7.58 3.14h196.36c2.84 0 5.57 1.13 7.58 3.14 2.01 2.01 3.14 4.74 3.14 7.58s-1.13 5.57-3.14 7.58a10.726 10.726 0 01-7.58 3.14H128.11c-7.45.11-14.71-2.38-20.53-7.04a32.081 32.081 0 01-11.36-18.5 32.04 32.04 0 013-21.49c3.46-6.6 9.12-11.79 15.99-14.68-2.05-9.14-37.73-168.1-39.1-174.22H19.8c-2.84 0-5.57-1.13-7.58-3.14a10.726 10.726 0 01-3.14-7.58c0-2.84 1.13-5.57 3.14-7.58 2.01-2.01 4.74-3.14 7.58-3.14h65c1.22-.01 2.42.19 3.57.59 1.15.4 2.23.99 3.18 1.74.96.76 1.77 1.67 2.42 2.7.65 1.02 1.13 2.15 1.4 3.34l7.74 34.52h264.67a10.708 10.708 0 014.82 1.12c.75.37 1.46.83 2.1 1.36.64.53 1.22 1.13 1.73 1.79.5.66.93 1.37 1.26 2.13.34.75.59 1.55.74 2.36a10.555 10.555 0 01-.24 4.91l-43.31 150.13c-.33 1.12-.83 2.17-1.5 3.13-.66.95-1.48 1.8-2.41 2.49-.93.7-1.97 1.24-3.08 1.6-1.1.37-2.26.55-3.42.55H128.08l.03.03zm8.69-22.48h179.5L353.43 73H107.92l28.88 128.64z" fill="#000"/><path fill="#fff" stroke="none" pid="1" id="Layer" fill-rule="evenodd" d="M178.07 298.32c0 17.74-14.21 32.17-31.68 32.17s-31.68-14.43-31.68-32.17c0-17.74 14.21-32.17 31.68-32.17s31.68 14.43 31.68 32.17zm-27.98 9.94c1.18-.48 2.25-1.2 3.14-2.1.9-.89 1.62-1.96 2.1-3.14.49-1.17.74-2.43.74-3.7 0-3.92-2.36-7.44-5.98-8.94a9.66 9.66 0 00-10.54 2.1 9.66 9.66 0 00-2.1 10.54 9.672 9.672 0 008.94 5.98c1.27 0 2.53-.25 3.7-.74zM304.69 267c17.47 0 31.67 14.4 31.67 32.14 0 17.74-14.21 32.17-31.68 32.17S273 316.88 273 299.14c0-17.73 14.22-32.14 31.69-32.14zm-.3 22.71a9.7 9.7 0 00-3.68.73 9.534 9.534 0 00-3.12 2.08c-.9.89-1.6 1.95-2.09 3.12a9.7 9.7 0 00-.73 3.68 9.61 9.61 0 005.93 8.88c3.59 1.49 7.73.66 10.48-2.08a9.632 9.632 0 002.08-10.48 9.61 9.61 0 00-8.88-5.93h.01z" fill="#000"/></svg> <span class="cart-icon-text" data-v-1956333b>Add to cart</span></div></div></div></div></div></div></div></div> <div class="product-card-back" data-v-4eb474b4><div class="wishlist-drop-down-wrapper" style="display:none;" data-v-f16d327c data-v-4eb474b4><div class="wishlist-drop-down-banner" data-v-344dcb9e data-v-f16d327c>
    Choose a wishlist
    <svg version="1.1" viewBox="0 0 16 21" class="icon svg-icon svg-fill" style="width:16px;height:21px;" data-v-344dcb9e><path fill="white" stroke="none" pid="0" d="M7.683 8.068a.658.658 0 00-.929-.001l-2.16 2.161-.848-.849a.657.657 0 00-.928.928L4.13 11.62a.66.66 0 00.928.001l2.625-2.625a.657.657 0 000-.928zm0 5.25a.658.658 0 00-.929-.001l-2.16 2.161-.848-.848a.657.657 0 00-.928.928l1.312 1.313a.654.654 0 00.928 0l2.625-2.625a.657.657 0 000-.928zm4.786-4.13H9.844a.656.656 0 000 1.312h2.625a.656.656 0 000-1.313zm0 5.25H9.844a.656.656 0 000 1.312h2.625a.656.656 0 000-1.313z"/><path fill="white" stroke="none" pid="1" d="M14.438 2.625h-2.626v-.656a.656.656 0 00-.656-.657H9.732A1.974 1.974 0 007.875 0C7.019 0 6.29.549 6.018 1.313H4.594a.656.656 0 00-.657.656v.656H1.313C.589 2.625 0 3.215 0 3.938v15.75C0 20.41.59 21 1.313 21h13.124c.724 0 1.313-.59 1.313-1.313V3.938c0-.723-.59-1.312-1.313-1.312zm-9.188 0h1.313a.656.656 0 00.656-.656.656.656 0 011.312 0c0 .362.294.656.656.656H10.5v1.313H5.25V2.625zm9.188 17.063H1.312V3.938h2.625v.656c0 .362.294.656.657.656h6.562a.656.656 0 00.656-.656v-.657h2.626v15.75z"/></svg> <div class="closing-icon" style="display:none;" data-v-344dcb9e><svg version="1.1" viewBox="0 0 18 18" class="remove-icon svg-icon svg-fill" style="width:10px;height:10px;" data-v-344dcb9e><path fill="#fff" stroke="none" pid="0" fill="#333" d="M17.755 1.814A.699.699 0 0018 1.273a.738.738 0 00-.245-.554.803.803 0 00-.573-.219.855.855 0 00-.587.219L9 7.905 1.39.719A.797.797 0 00.818.5a.855.855 0 00-.586.219.758.758 0 00-.232.554c0 .213.077.394.232.54L7.841 9l-7.61 7.173a.761.761 0 00-.231.554c0 .214.077.394.232.541.165.155.36.232.586.232a.78.78 0 00.573-.232L9 10.095l7.595 7.173c.165.155.36.232.587.232a.781.781 0 00.573-.232.697.697 0 00.245-.54c0-.215-.081-.4-.245-.555L10.159 9l7.596-7.186z" fill-rule="evenodd"/></svg></div></div> <div class="wishlist-item-wrapper" data-v-b9033f4a data-v-f16d327c><div class="scroll" data-v-b9033f4a><div data-v-9444bd58 data-v-b9033f4a></div> <!----></div> <div class="wishlist-dropdown-link" data-v-b9033f4a><div data-v-697dda27 data-v-b9033f4a><div class="wishlist-link" data-v-697dda27><a data-v-697dda27>Create new wishlist</a></div> <div class="wishlist-link" data-v-697dda27><a data-v-697dda27>Manage wishlists</a></div></div></div></div></div></div></div></div></div><div class="swiper-slide cms-product-cards-carousel-slide" data-v-6dc1bbe5><div class="product-card-container" data-v-4eb474b4 data-v-6dc1bbe5><div class="product-card-wrapper" data-v-4eb474b4><div class="product-card" data-v-4eb474b4><div data-v-4eb474b4><div class="wishlist-wrapper" data-v-2ece9c9d><div class="wishlist-banner" style="display:none;" data-v-2ece9c9d><span data-v-2ece9c9d>
            
        </span> <!----></div> <div class="wishlist-icon dense-grid-layout" style="display:none;" data-v-2ece9c9d><span style="display:none;" data-v-2ece9c9d>Add to wishlist</span> <svg version="1.1" viewBox="0 0 16 21" class="icon svg-icon svg-fill" style="width:16px;height:21px;" data-v-2ece9c9d><path fill="#737373" stroke="none" pid="0" d="M7.683 8.068a.658.658 0 00-.929-.001l-2.16 2.161-.848-.849a.657.657 0 00-.928.928L4.13 11.62a.66.66 0 00.928.001l2.625-2.625a.657.657 0 000-.928zm0 5.25a.658.658 0 00-.929-.001l-2.16 2.161-.848-.848a.657.657 0 00-.928.928l1.312 1.313a.654.654 0 00.928 0l2.625-2.625a.657.657 0 000-.928zm4.786-4.13H9.844a.656.656 0 000 1.312h2.625a.656.656 0 000-1.313zm0 5.25H9.844a.656.656 0 000 1.312h2.625a.656.656 0 000-1.313z"/><path fill="#737373" stroke="none" pid="1" d="M14.438 2.625h-2.626v-.656a.656.656 0 00-.656-.657H9.732A1.974 1.974 0 007.875 0C7.019 0 6.29.549 6.018 1.313H4.594a.656.656 0 00-.657.656v.656H1.313C.589 2.625 0 3.215 0 3.938v15.75C0 20.41.59 21 1.313 21h13.124c.724 0 1.313-.59 1.313-1.313V3.938c0-.723-.59-1.312-1.313-1.312zm-9.188 0h1.313a.656.656 0 00.656-.656.656.656 0 011.312 0c0 .362.294.656.656.656H10.5v1.313H5.25V2.625zm9.188 17.063H1.312V3.938h2.625v.656c0 .362.294.656.657.656h6.562a.656.656 0 00.656-.656v-.657h2.626v15.75z"/></svg></div></div> <!----></div> <div class="product-card-event-label-wrapper" data-v-4eb474b4><!----></div> <div class="product-card-content" data-v-4eb474b4><a href="/us_en/eataly-delicate-balsamic-vinegar-8-8-oz" class="product-link" data-v-4eb474b4><div class="product-card-image-name-manufacturer" data-v-4eb474b4><div class="product-card-image" data-v-4eb474b4><img width="200" height="200" alt="Delicate Balsamic Vinegar" src="https://www.eataly.com/media/catalog/product/e/a/eataly-delicate-balsamic-vinegar-8-8-oz_thumbnail.jpg" loading="lazy" class="product-image" data-v-4eb474b4> <div class="product-badge product-badge product-badge--discount" data-v-608c9b3f data-v-4eb474b4><span data-v-608c9b3f>Offer -20%</span></div></div> <div class="name-manufacturer" data-v-4eb474b4><div data-test-e2e="product-card-product-name" class="product-card-name" data-v-4eb474b4><span data-v-4eb474b4>
                                    Delicate Balsamic Vinegar
                                </span></div> <div class="product-card-manufacturer" data-v-4eb474b4><!----> <span data-v-4eb474b4>
                                    Eataly
                                </span></div> <!----></div></div></a> <div class="product-card-price-add-info" data-v-4eb474b4><!----> <div class="add-info" data-v-4eb474b4><div class="product-card-info" data-v-4eb474b4><div class="item-info" data-v-4eb474b4><div data-v-4eb474b4>$2,27/Oz</div> <div data-v-4eb474b4>8.8 Oz</div></div> <div class="price" data-v-4eb474b4><div class="original-price" data-v-4eb474b4>
                                    $24.99
                                </div> <div class="final-price" data-v-4eb474b4>$19.99</div></div></div> <div class="product-card-add" data-v-4eb474b4><div data-test-e2e="add-to-cart-button" class="button-wrapper add-to-cart-button dense-grid-layout" data-v-1956333b data-v-4eb474b4><div data-test-e2e="add-to-cart-no-items" tabindex="0" role="button" class="button-no-items a11y-focus-standard" data-v-1956333b><!----> <div class="no-items-label dense-grid-layout" data-v-1956333b><svg version="1.1" viewBox="0 0 388 339" class="cart-icon svg-icon svg-fill" style="width:17px;height:15px;" data-v-1956333b><path fill="#fff" stroke="none" pid="0" id="Layer" fill-rule="evenodd" d="M128.11 224.12c-2.84 0-5.57 1.13-7.58 3.14a10.726 10.726 0 00-3.14 7.58c0 2.84 1.13 5.57 3.14 7.58 2.01 2.01 4.74 3.14 7.58 3.14h196.36c2.84 0 5.57 1.13 7.58 3.14 2.01 2.01 3.14 4.74 3.14 7.58s-1.13 5.57-3.14 7.58a10.726 10.726 0 01-7.58 3.14H128.11c-7.45.11-14.71-2.38-20.53-7.04a32.081 32.081 0 01-11.36-18.5 32.04 32.04 0 013-21.49c3.46-6.6 9.12-11.79 15.99-14.68-2.05-9.14-37.73-168.1-39.1-174.22H19.8c-2.84 0-5.57-1.13-7.58-3.14a10.726 10.726 0 01-3.14-7.58c0-2.84 1.13-5.57 3.14-7.58 2.01-2.01 4.74-3.14 7.58-3.14h65c1.22-.01 2.42.19 3.57.59 1.15.4 2.23.99 3.18 1.74.96.76 1.77 1.67 2.42 2.7.65 1.02 1.13 2.15 1.4 3.34l7.74 34.52h264.67a10.708 10.708 0 014.82 1.12c.75.37 1.46.83 2.1 1.36.64.53 1.22 1.13 1.73 1.79.5.66.93 1.37 1.26 2.13.34.75.59 1.55.74 2.36a10.555 10.555 0 01-.24 4.91l-43.31 150.13c-.33 1.12-.83 2.17-1.5 3.13-.66.95-1.48 1.8-2.41 2.49-.93.7-1.97 1.24-3.08 1.6-1.1.37-2.26.55-3.42.55H128.08l.03.03zm8.69-22.48h179.5L353.43 73H107.92l28.88 128.64z" fill="#000"/><path fill="#fff" stroke="none" pid="1" id="Layer" fill-rule="evenodd" d="M178.07 298.32c0 17.74-14.21 32.17-31.68 32.17s-31.68-14.43-31.68-32.17c0-17.74 14.21-32.17 31.68-32.17s31.68 14.43 31.68 32.17zm-27.98 9.94c1.18-.48 2.25-1.2 3.14-2.1.9-.89 1.62-1.96 2.1-3.14.49-1.17.74-2.43.74-3.7 0-3.92-2.36-7.44-5.98-8.94a9.66 9.66 0 00-10.54 2.1 9.66 9.66 0 00-2.1 10.54 9.672 9.672 0 008.94 5.98c1.27 0 2.53-.25 3.7-.74zM304.69 267c17.47 0 31.67 14.4 31.67 32.14 0 17.74-14.21 32.17-31.68 32.17S273 316.88 273 299.14c0-17.73 14.22-32.14 31.69-32.14zm-.3 22.71a9.7 9.7 0 00-3.68.73 9.534 9.534 0 00-3.12 2.08c-.9.89-1.6 1.95-2.09 3.12a9.7 9.7 0 00-.73 3.68 9.61 9.61 0 005.93 8.88c3.59 1.49 7.73.66 10.48-2.08a9.632 9.632 0 002.08-10.48 9.61 9.61 0 00-8.88-5.93h.01z" fill="#000"/></svg> <span class="cart-icon-text" data-v-1956333b>Add to cart</span></div></div></div></div></div></div></div></div> <div class="product-card-back" data-v-4eb474b4><div class="wishlist-drop-down-wrapper" style="display:none;" data-v-f16d327c data-v-4eb474b4><div class="wishlist-drop-down-banner" data-v-344dcb9e data-v-f16d327c>
    Choose a wishlist
    <svg version="1.1" viewBox="0 0 16 21" class="icon svg-icon svg-fill" style="width:16px;height:21px;" data-v-344dcb9e><path fill="white" stroke="none" pid="0" d="M7.683 8.068a.658.658 0 00-.929-.001l-2.16 2.161-.848-.849a.657.657 0 00-.928.928L4.13 11.62a.66.66 0 00.928.001l2.625-2.625a.657.657 0 000-.928zm0 5.25a.658.658 0 00-.929-.001l-2.16 2.161-.848-.848a.657.657 0 00-.928.928l1.312 1.313a.654.654 0 00.928 0l2.625-2.625a.657.657 0 000-.928zm4.786-4.13H9.844a.656.656 0 000 1.312h2.625a.656.656 0 000-1.313zm0 5.25H9.844a.656.656 0 000 1.312h2.625a.656.656 0 000-1.313z"/><path fill="white" stroke="none" pid="1" d="M14.438 2.625h-2.626v-.656a.656.656 0 00-.656-.657H9.732A1.974 1.974 0 007.875 0C7.019 0 6.29.549 6.018 1.313H4.594a.656.656 0 00-.657.656v.656H1.313C.589 2.625 0 3.215 0 3.938v15.75C0 20.41.59 21 1.313 21h13.124c.724 0 1.313-.59 1.313-1.313V3.938c0-.723-.59-1.312-1.313-1.312zm-9.188 0h1.313a.656.656 0 00.656-.656.656.656 0 011.312 0c0 .362.294.656.656.656H10.5v1.313H5.25V2.625zm9.188 17.063H1.312V3.938h2.625v.656c0 .362.294.656.657.656h6.562a.656.656 0 00.656-.656v-.657h2.626v15.75z"/></svg> <div class="closing-icon" style="display:none;" data-v-344dcb9e><svg version="1.1" viewBox="0 0 18 18" class="remove-icon svg-icon svg-fill" style="width:10px;height:10px;" data-v-344dcb9e><path fill="#fff" stroke="none" pid="0" fill="#333" d="M17.755 1.814A.699.699 0 0018 1.273a.738.738 0 00-.245-.554.803.803 0 00-.573-.219.855.855 0 00-.587.219L9 7.905 1.39.719A.797.797 0 00.818.5a.855.855 0 00-.586.219.758.758 0 00-.232.554c0 .213.077.394.232.54L7.841 9l-7.61 7.173a.761.761 0 00-.231.554c0 .214.077.394.232.541.165.155.36.232.586.232a.78.78 0 00.573-.232L9 10.095l7.595 7.173c.165.155.36.232.587.232a.781.781 0 00.573-.232.697.697 0 00.245-.54c0-.215-.081-.4-.245-.555L10.159 9l7.596-7.186z" fill-rule="evenodd"/></svg></div></div> <div class="wishlist-item-wrapper" data-v-b9033f4a data-v-f16d327c><div class="scroll" data-v-b9033f4a><div data-v-9444bd58 data-v-b9033f4a></div> <!----></div> <div class="wishlist-dropdown-link" data-v-b9033f4a><div data-v-697dda27 data-v-b9033f4a><div class="wishlist-link" data-v-697dda27><a data-v-697dda27>Create new wishlist</a></div> <div class="wishlist-link" data-v-697dda27><a data-v-697dda27>Manage wishlists</a></div></div></div></div></div></div></div></div></div><div class="swiper-slide cms-product-cards-carousel-slide" data-v-6dc1bbe5><div class="product-card-container" data-v-4eb474b4 data-v-6dc1bbe5><div class="product-card-wrapper" data-v-4eb474b4><div class="product-card" data-v-4eb474b4><div data-v-4eb474b4><div class="wishlist-wrapper" data-v-2ece9c9d><div class="wishlist-banner" style="display:none;" data-v-2ece9c9d><span data-v-2ece9c9d>
            
        </span> <!----></div> <div class="wishlist-icon dense-grid-layout" style="display:none;" data-v-2ece9c9d><span style="display:none;" data-v-2ece9c9d>Add to wishlist</span> <svg version="1.1" viewBox="0 0 16 21" class="icon svg-icon svg-fill" style="width:16px;height:21px;" data-v-2ece9c9d><path fill="#737373" stroke="none" pid="0" d="M7.683 8.068a.658.658 0 00-.929-.001l-2.16 2.161-.848-.849a.657.657 0 00-.928.928L4.13 11.62a.66.66 0 00.928.001l2.625-2.625a.657.657 0 000-.928zm0 5.25a.658.658 0 00-.929-.001l-2.16 2.161-.848-.848a.657.657 0 00-.928.928l1.312 1.313a.654.654 0 00.928 0l2.625-2.625a.657.657 0 000-.928zm4.786-4.13H9.844a.656.656 0 000 1.312h2.625a.656.656 0 000-1.313zm0 5.25H9.844a.656.656 0 000 1.312h2.625a.656.656 0 000-1.313z"/><path fill="#737373" stroke="none" pid="1" d="M14.438 2.625h-2.626v-.656a.656.656 0 00-.656-.657H9.732A1.974 1.974 0 007.875 0C7.019 0 6.29.549 6.018 1.313H4.594a.656.656 0 00-.657.656v.656H1.313C.589 2.625 0 3.215 0 3.938v15.75C0 20.41.59 21 1.313 21h13.124c.724 0 1.313-.59 1.313-1.313V3.938c0-.723-.59-1.312-1.313-1.312zm-9.188 0h1.313a.656.656 0 00.656-.656.656.656 0 011.312 0c0 .362.294.656.656.656H10.5v1.313H5.25V2.625zm9.188 17.063H1.312V3.938h2.625v.656c0 .362.294.656.657.656h6.562a.656.656 0 00.656-.656v-.657h2.626v15.75z"/></svg></div></div> <!----></div> <div class="product-card-event-label-wrapper" data-v-4eb474b4><div class="event-label tiny text-only" data-v-e009e9de data-v-4eb474b4><!----> <div class="event-label-text" data-v-e009e9de><div class="event-label-text-title" data-v-e009e9de>
            Best Seller
        </div> <!----></div></div></div> <div class="product-card-content" data-v-4eb474b4><a href="/us_en/eataly-hazelnut-spread-8-1-oz" class="product-link" data-v-4eb474b4><div class="product-card-image-name-manufacturer" data-v-4eb474b4><div class="product-card-image" data-v-4eb474b4><img width="200" height="200" alt="Hazelnut Spread" src="https://www.eataly.com/media/catalog/product/e/a/eataly-hazelnut-spread-8-1-oz_thumbnail.jpg" loading="lazy" class="product-image" data-v-4eb474b4> <div class="product-badge product-badge product-badge--discount" data-v-608c9b3f data-v-4eb474b4><span data-v-608c9b3f>Offer -20%</span></div></div> <div class="name-manufacturer" data-v-4eb474b4><div data-test-e2e="product-card-product-name" class="product-card-name" data-v-4eb474b4><span data-v-4eb474b4>
                                    Hazelnut Spread
                                </span></div> <div class="product-card-manufacturer" data-v-4eb474b4><!----> <span data-v-4eb474b4>
                                    Eataly
                                </span></div> <!----></div></div></a> <div class="product-card-price-add-info" data-v-4eb474b4><!----> <div class="add-info" data-v-4eb474b4><div class="product-card-info" data-v-4eb474b4><div class="item-info" data-v-4eb474b4><div data-v-4eb474b4>$1,97/Oz</div> <div data-v-4eb474b4>8.1 Oz</div></div> <div class="price" data-v-4eb474b4><div class="original-price" data-v-4eb474b4>
                                    $19.99
                                </div> <div class="final-price" data-v-4eb474b4>$15.99</div></div></div> <div class="product-card-add" data-v-4eb474b4><div data-test-e2e="add-to-cart-button" class="button-wrapper add-to-cart-button dense-grid-layout" data-v-1956333b data-v-4eb474b4><div data-test-e2e="add-to-cart-no-items" tabindex="0" role="button" class="button-no-items a11y-focus-standard" data-v-1956333b><!----> <div class="no-items-label dense-grid-layout" data-v-1956333b><svg version="1.1" viewBox="0 0 388 339" class="cart-icon svg-icon svg-fill" style="width:17px;height:15px;" data-v-1956333b><path fill="#fff" stroke="none" pid="0" id="Layer" fill-rule="evenodd" d="M128.11 224.12c-2.84 0-5.57 1.13-7.58 3.14a10.726 10.726 0 00-3.14 7.58c0 2.84 1.13 5.57 3.14 7.58 2.01 2.01 4.74 3.14 7.58 3.14h196.36c2.84 0 5.57 1.13 7.58 3.14 2.01 2.01 3.14 4.74 3.14 7.58s-1.13 5.57-3.14 7.58a10.726 10.726 0 01-7.58 3.14H128.11c-7.45.11-14.71-2.38-20.53-7.04a32.081 32.081 0 01-11.36-18.5 32.04 32.04 0 013-21.49c3.46-6.6 9.12-11.79 15.99-14.68-2.05-9.14-37.73-168.1-39.1-174.22H19.8c-2.84 0-5.57-1.13-7.58-3.14a10.726 10.726 0 01-3.14-7.58c0-2.84 1.13-5.57 3.14-7.58 2.01-2.01 4.74-3.14 7.58-3.14h65c1.22-.01 2.42.19 3.57.59 1.15.4 2.23.99 3.18 1.74.96.76 1.77 1.67 2.42 2.7.65 1.02 1.13 2.15 1.4 3.34l7.74 34.52h264.67a10.708 10.708 0 014.82 1.12c.75.37 1.46.83 2.1 1.36.64.53 1.22 1.13 1.73 1.79.5.66.93 1.37 1.26 2.13.34.75.59 1.55.74 2.36a10.555 10.555 0 01-.24 4.91l-43.31 150.13c-.33 1.12-.83 2.17-1.5 3.13-.66.95-1.48 1.8-2.41 2.49-.93.7-1.97 1.24-3.08 1.6-1.1.37-2.26.55-3.42.55H128.08l.03.03zm8.69-22.48h179.5L353.43 73H107.92l28.88 128.64z" fill="#000"/><path fill="#fff" stroke="none" pid="1" id="Layer" fill-rule="evenodd" d="M178.07 298.32c0 17.74-14.21 32.17-31.68 32.17s-31.68-14.43-31.68-32.17c0-17.74 14.21-32.17 31.68-32.17s31.68 14.43 31.68 32.17zm-27.98 9.94c1.18-.48 2.25-1.2 3.14-2.1.9-.89 1.62-1.96 2.1-3.14.49-1.17.74-2.43.74-3.7 0-3.92-2.36-7.44-5.98-8.94a9.66 9.66 0 00-10.54 2.1 9.66 9.66 0 00-2.1 10.54 9.672 9.672 0 008.94 5.98c1.27 0 2.53-.25 3.7-.74zM304.69 267c17.47 0 31.67 14.4 31.67 32.14 0 17.74-14.21 32.17-31.68 32.17S273 316.88 273 299.14c0-17.73 14.22-32.14 31.69-32.14zm-.3 22.71a9.7 9.7 0 00-3.68.73 9.534 9.534 0 00-3.12 2.08c-.9.89-1.6 1.95-2.09 3.12a9.7 9.7 0 00-.73 3.68 9.61 9.61 0 005.93 8.88c3.59 1.49 7.73.66 10.48-2.08a9.632 9.632 0 002.08-10.48 9.61 9.61 0 00-8.88-5.93h.01z" fill="#000"/></svg> <span class="cart-icon-text" data-v-1956333b>Add to cart</span></div></div></div></div></div></div></div></div> <div class="product-card-back" data-v-4eb474b4><div class="wishlist-drop-down-wrapper" style="display:none;" data-v-f16d327c data-v-4eb474b4><div class="wishlist-drop-down-banner" data-v-344dcb9e data-v-f16d327c>
    Choose a wishlist
    <svg version="1.1" viewBox="0 0 16 21" class="icon svg-icon svg-fill" style="width:16px;height:21px;" data-v-344dcb9e><path fill="white" stroke="none" pid="0" d="M7.683 8.068a.658.658 0 00-.929-.001l-2.16 2.161-.848-.849a.657.657 0 00-.928.928L4.13 11.62a.66.66 0 00.928.001l2.625-2.625a.657.657 0 000-.928zm0 5.25a.658.658 0 00-.929-.001l-2.16 2.161-.848-.848a.657.657 0 00-.928.928l1.312 1.313a.654.654 0 00.928 0l2.625-2.625a.657.657 0 000-.928zm4.786-4.13H9.844a.656.656 0 000 1.312h2.625a.656.656 0 000-1.313zm0 5.25H9.844a.656.656 0 000 1.312h2.625a.656.656 0 000-1.313z"/><path fill="white" stroke="none" pid="1" d="M14.438 2.625h-2.626v-.656a.656.656 0 00-.656-.657H9.732A1.974 1.974 0 007.875 0C7.019 0 6.29.549 6.018 1.313H4.594a.656.656 0 00-.657.656v.656H1.313C.589 2.625 0 3.215 0 3.938v15.75C0 20.41.59 21 1.313 21h13.124c.724 0 1.313-.59 1.313-1.313V3.938c0-.723-.59-1.312-1.313-1.312zm-9.188 0h1.313a.656.656 0 00.656-.656.656.656 0 011.312 0c0 .362.294.656.656.656H10.5v1.313H5.25V2.625zm9.188 17.063H1.312V3.938h2.625v.656c0 .362.294.656.657.656h6.562a.656.656 0 00.656-.656v-.657h2.626v15.75z"/></svg> <div class="closing-icon" style="display:none;" data-v-344dcb9e><svg version="1.1" viewBox="0 0 18 18" class="remove-icon svg-icon svg-fill" style="width:10px;height:10px;" data-v-344dcb9e><path fill="#fff" stroke="none" pid="0" fill="#333" d="M17.755 1.814A.699.699 0 0018 1.273a.738.738 0 00-.245-.554.803.803 0 00-.573-.219.855.855 0 00-.587.219L9 7.905 1.39.719A.797.797 0 00.818.5a.855.855 0 00-.586.219.758.758 0 00-.232.554c0 .213.077.394.232.54L7.841 9l-7.61 7.173a.761.761 0 00-.231.554c0 .214.077.394.232.541.165.155.36.232.586.232a.78.78 0 00.573-.232L9 10.095l7.595 7.173c.165.155.36.232.587.232a.781.781 0 00.573-.232.697.697 0 00.245-.54c0-.215-.081-.4-.245-.555L10.159 9l7.596-7.186z" fill-rule="evenodd"/></svg></div></div> <div class="wishlist-item-wrapper" data-v-b9033f4a data-v-f16d327c><div class="scroll" data-v-b9033f4a><div data-v-9444bd58 data-v-b9033f4a></div> <!----></div> <div class="wishlist-dropdown-link" data-v-b9033f4a><div data-v-697dda27 data-v-b9033f4a><div class="wishlist-link" data-v-697dda27><a data-v-697dda27>Create new wishlist</a></div> <div class="wishlist-link" data-v-697dda27><a data-v-697dda27>Manage wishlists</a></div></div></div></div></div></div></div></div></div></div> <!----></div> <div class="swiper-navigation cms-product-cards-carousel-navigation nav-10" style="display:none;" data-v-6dc1bbe5><div tabindex="-1" class="swiper-button-prev swiper-button"><svg version="1.1" viewBox="0 0 12 23" aria-label="Go to previous" class="svg-icon svg-fill"><path fill="#fff" stroke="none" pid="0" d="M.87 22.187a.75.75 0 01-.125-.971l.068-.088 8.549-9.522L.856 2.13a.75.75 0 01-.02-.979l.077-.08a.75.75 0 01.979-.02l.08.077 9.407 10.477-9.45 10.525a.75.75 0 01-1.059.057z" fill="#333" fill-rule="nonzero"/></svg></div> <div tabindex="-1" class="swiper-button-next swiper-button"><svg version="1.1" viewBox="0 0 12 23" aria-label="Go next" class="svg-icon svg-fill"><path fill="#fff" stroke="none" pid="0" d="M.87 22.187a.75.75 0 01-.125-.971l.068-.088 8.549-9.522L.856 2.13a.75.75 0 01-.02-.979l.077-.08a.75.75 0 01.979-.02l.08.077 9.407 10.477-9.45 10.525a.75.75 0 01-1.059.057z" fill="#333" fill-rule="nonzero"/></svg></div></div></div> <a href="/us_en/nationwide-shipping/eataly-signatures" class="cms-product-cards-link" data-v-a90af9e0 data-v-a90af9e0 data-v-6dc1bbe5><span data-v-a90af9e0>SHOP NOW</span></a></div></div><div data-fetch-key="data-v-6dc1bbe5:3" class="prismic-dynamic-component carousel-cms-product-cards-204687-11" data-v-6dc1bbe5><div class="cms-product-cards cms-product-cards--visible" style="background-color:#fff;" data-v-6dc1bbe5><div class="cms-product-cards-title" data-v-6dc1bbe5 data-v-6dc1bbe5><h2>BEST SELLERS</h2></div> <div class="cms-product-cards-description" data-v-6dc1bbe5 data-v-6dc1bbe5><p>Find your new favorites among our favorites, from pantry staples to housewares.</p></div> <div class="cms-product-cards-inner cards-per-view-4" data-v-6dc1bbe5><div class="swiper-container-mobile" data-v-6dc1bbe5><div class="swiper-wrapper cms-product-cards-carousel cms-product-cards-carousel--has-pagination" data-v-6dc1bbe5><div class="swiper-slide cms-product-cards-carousel-slide" data-v-6dc1bbe5><div class="product-card-container" data-v-4eb474b4 data-v-6dc1bbe5><div class="product-card-wrapper" data-v-4eb474b4><div class="product-card" data-v-4eb474b4><div data-v-4eb474b4><div class="wishlist-wrapper" data-v-2ece9c9d><div class="wishlist-banner" style="display:none;" data-v-2ece9c9d><span data-v-2ece9c9d>
            
        </span> <!----></div> <div class="wishlist-icon dense-grid-layout" style="display:none;" data-v-2ece9c9d><span style="display:none;" data-v-2ece9c9d>Add to wishlist</span> <svg version="1.1" viewBox="0 0 16 21" class="icon svg-icon svg-fill" style="width:16px;height:21px;" data-v-2ece9c9d><path fill="#737373" stroke="none" pid="0" d="M7.683 8.068a.658.658 0 00-.929-.001l-2.16 2.161-.848-.849a.657.657 0 00-.928.928L4.13 11.62a.66.66 0 00.928.001l2.625-2.625a.657.657 0 000-.928zm0 5.25a.658.658 0 00-.929-.001l-2.16 2.161-.848-.848a.657.657 0 00-.928.928l1.312 1.313a.654.654 0 00.928 0l2.625-2.625a.657.657 0 000-.928zm4.786-4.13H9.844a.656.656 0 000 1.312h2.625a.656.656 0 000-1.313zm0 5.25H9.844a.656.656 0 000 1.312h2.625a.656.656 0 000-1.313z"/><path fill="#737373" stroke="none" pid="1" d="M14.438 2.625h-2.626v-.656a.656.656 0 00-.656-.657H9.732A1.974 1.974 0 007.875 0C7.019 0 6.29.549 6.018 1.313H4.594a.656.656 0 00-.657.656v.656H1.313C.589 2.625 0 3.215 0 3.938v15.75C0 20.41.59 21 1.313 21h13.124c.724 0 1.313-.59 1.313-1.313V3.938c0-.723-.59-1.312-1.313-1.312zm-9.188 0h1.313a.656.656 0 00.656-.656.656.656 0 011.312 0c0 .362.294.656.656.656H10.5v1.313H5.25V2.625zm9.188 17.063H1.312V3.938h2.625v.656c0 .362.294.656.657.656h6.562a.656.656 0 00.656-.656v-.657h2.626v15.75z"/></svg></div></div> <!----></div> <div class="product-card-event-label-wrapper" data-v-4eb474b4><div class="event-label tiny text-only" data-v-e009e9de data-v-4eb474b4><!----> <div class="event-label-text" data-v-e009e9de><div class="event-label-text-title" data-v-e009e9de>
            Best Seller
        </div> <!----></div></div></div> <div class="product-card-content" data-v-4eb474b4><a href="/us_en/bio-orto-organic-puttanesca-tomato-sauce-19-4-oz" class="product-link" data-v-4eb474b4><div class="product-card-image-name-manufacturer" data-v-4eb474b4><div class="product-card-image" data-v-4eb474b4><img width="200" height="200" alt="Organic Puttanesca Tomato Sauce 19.4 oz" src="https://www.eataly.com/media/catalog/product/1/1/1150816-organic-puttanesca-tomato-sauce-19_4-oz-bio-orto_thumb_1_1.jpg" loading="lazy" class="product-image" data-v-4eb474b4> <!----></div> <div class="name-manufacturer" data-v-4eb474b4><div data-test-e2e="product-card-product-name" class="product-card-name" data-v-4eb474b4><span data-v-4eb474b4>
                                    Organic Puttanesca Tomato Sauce 19.4 oz
                                </span></div> <div class="product-card-manufacturer" data-v-4eb474b4><!----> <span data-v-4eb474b4>
                                    Bio Orto
                                </span></div> <!----></div></div></a> <div class="product-card-price-add-info" data-v-4eb474b4><!----> <div class="add-info" data-v-4eb474b4><div class="product-card-info" data-v-4eb474b4><div class="item-info" data-v-4eb474b4><div data-v-4eb474b4>$0,75/Oz</div> <div data-v-4eb474b4>19.4 Oz</div></div> <div class="price" data-v-4eb474b4><div class="original-price" data-v-4eb474b4>
                                    
                                </div> <div class="final-price" data-v-4eb474b4>$14.49</div></div></div> <div class="product-card-add" data-v-4eb474b4><div data-test-e2e="add-to-cart-button" class="button-wrapper add-to-cart-button dense-grid-layout" data-v-1956333b data-v-4eb474b4><div data-test-e2e="add-to-cart-no-items" tabindex="0" role="button" class="button-no-items a11y-focus-standard" data-v-1956333b><!----> <div class="no-items-label dense-grid-layout" data-v-1956333b><svg version="1.1" viewBox="0 0 388 339" class="cart-icon svg-icon svg-fill" style="width:17px;height:15px;" data-v-1956333b><path fill="#fff" stroke="none" pid="0" id="Layer" fill-rule="evenodd" d="M128.11 224.12c-2.84 0-5.57 1.13-7.58 3.14a10.726 10.726 0 00-3.14 7.58c0 2.84 1.13 5.57 3.14 7.58 2.01 2.01 4.74 3.14 7.58 3.14h196.36c2.84 0 5.57 1.13 7.58 3.14 2.01 2.01 3.14 4.74 3.14 7.58s-1.13 5.57-3.14 7.58a10.726 10.726 0 01-7.58 3.14H128.11c-7.45.11-14.71-2.38-20.53-7.04a32.081 32.081 0 01-11.36-18.5 32.04 32.04 0 013-21.49c3.46-6.6 9.12-11.79 15.99-14.68-2.05-9.14-37.73-168.1-39.1-174.22H19.8c-2.84 0-5.57-1.13-7.58-3.14a10.726 10.726 0 01-3.14-7.58c0-2.84 1.13-5.57 3.14-7.58 2.01-2.01 4.74-3.14 7.58-3.14h65c1.22-.01 2.42.19 3.57.59 1.15.4 2.23.99 3.18 1.74.96.76 1.77 1.67 2.42 2.7.65 1.02 1.13 2.15 1.4 3.34l7.74 34.52h264.67a10.708 10.708 0 014.82 1.12c.75.37 1.46.83 2.1 1.36.64.53 1.22 1.13 1.73 1.79.5.66.93 1.37 1.26 2.13.34.75.59 1.55.74 2.36a10.555 10.555 0 01-.24 4.91l-43.31 150.13c-.33 1.12-.83 2.17-1.5 3.13-.66.95-1.48 1.8-2.41 2.49-.93.7-1.97 1.24-3.08 1.6-1.1.37-2.26.55-3.42.55H128.08l.03.03zm8.69-22.48h179.5L353.43 73H107.92l28.88 128.64z" fill="#000"/><path fill="#fff" stroke="none" pid="1" id="Layer" fill-rule="evenodd" d="M178.07 298.32c0 17.74-14.21 32.17-31.68 32.17s-31.68-14.43-31.68-32.17c0-17.74 14.21-32.17 31.68-32.17s31.68 14.43 31.68 32.17zm-27.98 9.94c1.18-.48 2.25-1.2 3.14-2.1.9-.89 1.62-1.96 2.1-3.14.49-1.17.74-2.43.74-3.7 0-3.92-2.36-7.44-5.98-8.94a9.66 9.66 0 00-10.54 2.1 9.66 9.66 0 00-2.1 10.54 9.672 9.672 0 008.94 5.98c1.27 0 2.53-.25 3.7-.74zM304.69 267c17.47 0 31.67 14.4 31.67 32.14 0 17.74-14.21 32.17-31.68 32.17S273 316.88 273 299.14c0-17.73 14.22-32.14 31.69-32.14zm-.3 22.71a9.7 9.7 0 00-3.68.73 9.534 9.534 0 00-3.12 2.08c-.9.89-1.6 1.95-2.09 3.12a9.7 9.7 0 00-.73 3.68 9.61 9.61 0 005.93 8.88c3.59 1.49 7.73.66 10.48-2.08a9.632 9.632 0 002.08-10.48 9.61 9.61 0 00-8.88-5.93h.01z" fill="#000"/></svg> <span class="cart-icon-text" data-v-1956333b>Add to cart</span></div></div></div></div></div></div></div></div> <div class="product-card-back" data-v-4eb474b4><div class="wishlist-drop-down-wrapper" style="display:none;" data-v-f16d327c data-v-4eb474b4><div class="wishlist-drop-down-banner" data-v-344dcb9e data-v-f16d327c>
    Choose a wishlist
    <svg version="1.1" viewBox="0 0 16 21" class="icon svg-icon svg-fill" style="width:16px;height:21px;" data-v-344dcb9e><path fill="white" stroke="none" pid="0" d="M7.683 8.068a.658.658 0 00-.929-.001l-2.16 2.161-.848-.849a.657.657 0 00-.928.928L4.13 11.62a.66.66 0 00.928.001l2.625-2.625a.657.657 0 000-.928zm0 5.25a.658.658 0 00-.929-.001l-2.16 2.161-.848-.848a.657.657 0 00-.928.928l1.312 1.313a.654.654 0 00.928 0l2.625-2.625a.657.657 0 000-.928zm4.786-4.13H9.844a.656.656 0 000 1.312h2.625a.656.656 0 000-1.313zm0 5.25H9.844a.656.656 0 000 1.312h2.625a.656.656 0 000-1.313z"/><path fill="white" stroke="none" pid="1" d="M14.438 2.625h-2.626v-.656a.656.656 0 00-.656-.657H9.732A1.974 1.974 0 007.875 0C7.019 0 6.29.549 6.018 1.313H4.594a.656.656 0 00-.657.656v.656H1.313C.589 2.625 0 3.215 0 3.938v15.75C0 20.41.59 21 1.313 21h13.124c.724 0 1.313-.59 1.313-1.313V3.938c0-.723-.59-1.312-1.313-1.312zm-9.188 0h1.313a.656.656 0 00.656-.656.656.656 0 011.312 0c0 .362.294.656.656.656H10.5v1.313H5.25V2.625zm9.188 17.063H1.312V3.938h2.625v.656c0 .362.294.656.657.656h6.562a.656.656 0 00.656-.656v-.657h2.626v15.75z"/></svg> <div class="closing-icon" style="display:none;" data-v-344dcb9e><svg version="1.1" viewBox="0 0 18 18" class="remove-icon svg-icon svg-fill" style="width:10px;height:10px;" data-v-344dcb9e><path fill="#fff" stroke="none" pid="0" fill="#333" d="M17.755 1.814A.699.699 0 0018 1.273a.738.738 0 00-.245-.554.803.803 0 00-.573-.219.855.855 0 00-.587.219L9 7.905 1.39.719A.797.797 0 00.818.5a.855.855 0 00-.586.219.758.758 0 00-.232.554c0 .213.077.394.232.54L7.841 9l-7.61 7.173a.761.761 0 00-.231.554c0 .214.077.394.232.541.165.155.36.232.586.232a.78.78 0 00.573-.232L9 10.095l7.595 7.173c.165.155.36.232.587.232a.781.781 0 00.573-.232.697.697 0 00.245-.54c0-.215-.081-.4-.245-.555L10.159 9l7.596-7.186z" fill-rule="evenodd"/></svg></div></div> <div class="wishlist-item-wrapper" data-v-b9033f4a data-v-f16d327c><div class="scroll" data-v-b9033f4a><div data-v-9444bd58 data-v-b9033f4a></div> <!----></div> <div class="wishlist-dropdown-link" data-v-b9033f4a><div data-v-697dda27 data-v-b9033f4a><div class="wishlist-link" data-v-697dda27><a data-v-697dda27>Create new wishlist</a></div> <div class="wishlist-link" data-v-697dda27><a data-v-697dda27>Manage wishlists</a></div></div></div></div></div></div></div></div></div><div class="swiper-slide cms-product-cards-carousel-slide" data-v-6dc1bbe5><div class="product-card-container" data-v-4eb474b4 data-v-6dc1bbe5><div class="product-card-wrapper" data-v-4eb474b4><div class="product-card" data-v-4eb474b4><div data-v-4eb474b4><div class="wishlist-wrapper" data-v-2ece9c9d><div class="wishlist-banner" style="display:none;" data-v-2ece9c9d><span data-v-2ece9c9d>
            
        </span> <!----></div> <div class="wishlist-icon dense-grid-layout" style="display:none;" data-v-2ece9c9d><span style="display:none;" data-v-2ece9c9d>Add to wishlist</span> <svg version="1.1" viewBox="0 0 16 21" class="icon svg-icon svg-fill" style="width:16px;height:21px;" data-v-2ece9c9d><path fill="#737373" stroke="none" pid="0" d="M7.683 8.068a.658.658 0 00-.929-.001l-2.16 2.161-.848-.849a.657.657 0 00-.928.928L4.13 11.62a.66.66 0 00.928.001l2.625-2.625a.657.657 0 000-.928zm0 5.25a.658.658 0 00-.929-.001l-2.16 2.161-.848-.848a.657.657 0 00-.928.928l1.312 1.313a.654.654 0 00.928 0l2.625-2.625a.657.657 0 000-.928zm4.786-4.13H9.844a.656.656 0 000 1.312h2.625a.656.656 0 000-1.313zm0 5.25H9.844a.656.656 0 000 1.312h2.625a.656.656 0 000-1.313z"/><path fill="#737373" stroke="none" pid="1" d="M14.438 2.625h-2.626v-.656a.656.656 0 00-.656-.657H9.732A1.974 1.974 0 007.875 0C7.019 0 6.29.549 6.018 1.313H4.594a.656.656 0 00-.657.656v.656H1.313C.589 2.625 0 3.215 0 3.938v15.75C0 20.41.59 21 1.313 21h13.124c.724 0 1.313-.59 1.313-1.313V3.938c0-.723-.59-1.312-1.313-1.312zm-9.188 0h1.313a.656.656 0 00.656-.656.656.656 0 011.312 0c0 .362.294.656.656.656H10.5v1.313H5.25V2.625zm9.188 17.063H1.312V3.938h2.625v.656c0 .362.294.656.657.656h6.562a.656.656 0 00.656-.656v-.657h2.626v15.75z"/></svg></div></div> <!----></div> <div class="product-card-event-label-wrapper" data-v-4eb474b4><div class="event-label tiny text-only" data-v-e009e9de data-v-4eb474b4><!----> <div class="event-label-text" data-v-e009e9de><div class="event-label-text-title" data-v-e009e9de>
            Best Seller
        </div> <!----></div></div></div> <div class="product-card-content" data-v-4eb474b4><a href="/us_en/scyavuru-crunchy-pistachio-spread-7-oz" class="product-link" data-v-4eb474b4><div class="product-card-image-name-manufacturer" data-v-4eb474b4><div class="product-card-image" data-v-4eb474b4><img width="200" height="200" alt="Crunchy Pistachio Spread 7 oz" src="https://www.eataly.com/media/catalog/product/1/1/1152441-crunchy-pistachio-cream-7-oz-scyavuru_thumb_1_1.jpg" loading="lazy" class="product-image" data-v-4eb474b4> <div class="product-badge product-badge product-badge--discount" data-v-608c9b3f data-v-4eb474b4><span data-v-608c9b3f>Offer -20%</span></div></div> <div class="name-manufacturer" data-v-4eb474b4><div data-test-e2e="product-card-product-name" class="product-card-name" data-v-4eb474b4><span data-v-4eb474b4>
                                    Crunchy Pistachio Spread 7 oz
                                </span></div> <div class="product-card-manufacturer" data-v-4eb474b4><!----> <span data-v-4eb474b4>
                                    Scyavuru
                                </span></div> <!----></div></div></a> <div class="product-card-price-add-info" data-v-4eb474b4><!----> <div class="add-info" data-v-4eb474b4><div class="product-card-info" data-v-4eb474b4><div class="item-info" data-v-4eb474b4><div data-v-4eb474b4>$2,34/Oz</div> <div data-v-4eb474b4>7 Oz</div></div> <div class="price" data-v-4eb474b4><div class="original-price" data-v-4eb474b4>
                                    $20.49
                                </div> <div class="final-price" data-v-4eb474b4>$16.39</div></div></div> <div class="product-card-add" data-v-4eb474b4><div data-test-e2e="add-to-cart-button" class="button-wrapper add-to-cart-button dense-grid-layout" data-v-1956333b data-v-4eb474b4><div data-test-e2e="add-to-cart-no-items" tabindex="0" role="button" class="button-no-items a11y-focus-standard" data-v-1956333b><!----> <div class="no-items-label dense-grid-layout" data-v-1956333b><svg version="1.1" viewBox="0 0 388 339" class="cart-icon svg-icon svg-fill" style="width:17px;height:15px;" data-v-1956333b><path fill="#fff" stroke="none" pid="0" id="Layer" fill-rule="evenodd" d="M128.11 224.12c-2.84 0-5.57 1.13-7.58 3.14a10.726 10.726 0 00-3.14 7.58c0 2.84 1.13 5.57 3.14 7.58 2.01 2.01 4.74 3.14 7.58 3.14h196.36c2.84 0 5.57 1.13 7.58 3.14 2.01 2.01 3.14 4.74 3.14 7.58s-1.13 5.57-3.14 7.58a10.726 10.726 0 01-7.58 3.14H128.11c-7.45.11-14.71-2.38-20.53-7.04a32.081 32.081 0 01-11.36-18.5 32.04 32.04 0 013-21.49c3.46-6.6 9.12-11.79 15.99-14.68-2.05-9.14-37.73-168.1-39.1-174.22H19.8c-2.84 0-5.57-1.13-7.58-3.14a10.726 10.726 0 01-3.14-7.58c0-2.84 1.13-5.57 3.14-7.58 2.01-2.01 4.74-3.14 7.58-3.14h65c1.22-.01 2.42.19 3.57.59 1.15.4 2.23.99 3.18 1.74.96.76 1.77 1.67 2.42 2.7.65 1.02 1.13 2.15 1.4 3.34l7.74 34.52h264.67a10.708 10.708 0 014.82 1.12c.75.37 1.46.83 2.1 1.36.64.53 1.22 1.13 1.73 1.79.5.66.93 1.37 1.26 2.13.34.75.59 1.55.74 2.36a10.555 10.555 0 01-.24 4.91l-43.31 150.13c-.33 1.12-.83 2.17-1.5 3.13-.66.95-1.48 1.8-2.41 2.49-.93.7-1.97 1.24-3.08 1.6-1.1.37-2.26.55-3.42.55H128.08l.03.03zm8.69-22.48h179.5L353.43 73H107.92l28.88 128.64z" fill="#000"/><path fill="#fff" stroke="none" pid="1" id="Layer" fill-rule="evenodd" d="M178.07 298.32c0 17.74-14.21 32.17-31.68 32.17s-31.68-14.43-31.68-32.17c0-17.74 14.21-32.17 31.68-32.17s31.68 14.43 31.68 32.17zm-27.98 9.94c1.18-.48 2.25-1.2 3.14-2.1.9-.89 1.62-1.96 2.1-3.14.49-1.17.74-2.43.74-3.7 0-3.92-2.36-7.44-5.98-8.94a9.66 9.66 0 00-10.54 2.1 9.66 9.66 0 00-2.1 10.54 9.672 9.672 0 008.94 5.98c1.27 0 2.53-.25 3.7-.74zM304.69 267c17.47 0 31.67 14.4 31.67 32.14 0 17.74-14.21 32.17-31.68 32.17S273 316.88 273 299.14c0-17.73 14.22-32.14 31.69-32.14zm-.3 22.71a9.7 9.7 0 00-3.68.73 9.534 9.534 0 00-3.12 2.08c-.9.89-1.6 1.95-2.09 3.12a9.7 9.7 0 00-.73 3.68 9.61 9.61 0 005.93 8.88c3.59 1.49 7.73.66 10.48-2.08a9.632 9.632 0 002.08-10.48 9.61 9.61 0 00-8.88-5.93h.01z" fill="#000"/></svg> <span class="cart-icon-text" data-v-1956333b>Add to cart</span></div></div></div></div></div></div></div></div> <div class="product-card-back" data-v-4eb474b4><div class="wishlist-drop-down-wrapper" style="display:none;" data-v-f16d327c data-v-4eb474b4><div class="wishlist-drop-down-banner" data-v-344dcb9e data-v-f16d327c>
    Choose a wishlist
    <svg version="1.1" viewBox="0 0 16 21" class="icon svg-icon svg-fill" style="width:16px;height:21px;" data-v-344dcb9e><path fill="white" stroke="none" pid="0" d="M7.683 8.068a.658.658 0 00-.929-.001l-2.16 2.161-.848-.849a.657.657 0 00-.928.928L4.13 11.62a.66.66 0 00.928.001l2.625-2.625a.657.657 0 000-.928zm0 5.25a.658.658 0 00-.929-.001l-2.16 2.161-.848-.848a.657.657 0 00-.928.928l1.312 1.313a.654.654 0 00.928 0l2.625-2.625a.657.657 0 000-.928zm4.786-4.13H9.844a.656.656 0 000 1.312h2.625a.656.656 0 000-1.313zm0 5.25H9.844a.656.656 0 000 1.312h2.625a.656.656 0 000-1.313z"/><path fill="white" stroke="none" pid="1" d="M14.438 2.625h-2.626v-.656a.656.656 0 00-.656-.657H9.732A1.974 1.974 0 007.875 0C7.019 0 6.29.549 6.018 1.313H4.594a.656.656 0 00-.657.656v.656H1.313C.589 2.625 0 3.215 0 3.938v15.75C0 20.41.59 21 1.313 21h13.124c.724 0 1.313-.59 1.313-1.313V3.938c0-.723-.59-1.312-1.313-1.312zm-9.188 0h1.313a.656.656 0 00.656-.656.656.656 0 011.312 0c0 .362.294.656.656.656H10.5v1.313H5.25V2.625zm9.188 17.063H1.312V3.938h2.625v.656c0 .362.294.656.657.656h6.562a.656.656 0 00.656-.656v-.657h2.626v15.75z"/></svg> <div class="closing-icon" style="display:none;" data-v-344dcb9e><svg version="1.1" viewBox="0 0 18 18" class="remove-icon svg-icon svg-fill" style="width:10px;height:10px;" data-v-344dcb9e><path fill="#fff" stroke="none" pid="0" fill="#333" d="M17.755 1.814A.699.699 0 0018 1.273a.738.738 0 00-.245-.554.803.803 0 00-.573-.219.855.855 0 00-.587.219L9 7.905 1.39.719A.797.797 0 00.818.5a.855.855 0 00-.586.219.758.758 0 00-.232.554c0 .213.077.394.232.54L7.841 9l-7.61 7.173a.761.761 0 00-.231.554c0 .214.077.394.232.541.165.155.36.232.586.232a.78.78 0 00.573-.232L9 10.095l7.595 7.173c.165.155.36.232.587.232a.781.781 0 00.573-.232.697.697 0 00.245-.54c0-.215-.081-.4-.245-.555L10.159 9l7.596-7.186z" fill-rule="evenodd"/></svg></div></div> <div class="wishlist-item-wrapper" data-v-b9033f4a data-v-f16d327c><div class="scroll" data-v-b9033f4a><div data-v-9444bd58 data-v-b9033f4a></div> <!----></div> <div class="wishlist-dropdown-link" data-v-b9033f4a><div data-v-697dda27 data-v-b9033f4a><div class="wishlist-link" data-v-697dda27><a data-v-697dda27>Create new wishlist</a></div> <div class="wishlist-link" data-v-697dda27><a data-v-697dda27>Manage wishlists</a></div></div></div></div></div></div></div></div></div><div class="swiper-slide cms-product-cards-carousel-slide" data-v-6dc1bbe5><div class="product-card-container" data-v-4eb474b4 data-v-6dc1bbe5><div class="product-card-wrapper" data-v-4eb474b4><div class="product-card" data-v-4eb474b4><div data-v-4eb474b4><div class="wishlist-wrapper" data-v-2ece9c9d><div class="wishlist-banner" style="display:none;" data-v-2ece9c9d><span data-v-2ece9c9d>
            
        </span> <!----></div> <div class="wishlist-icon dense-grid-layout" style="display:none;" data-v-2ece9c9d><span style="display:none;" data-v-2ece9c9d>Add to wishlist</span> <svg version="1.1" viewBox="0 0 16 21" class="icon svg-icon svg-fill" style="width:16px;height:21px;" data-v-2ece9c9d><path fill="#737373" stroke="none" pid="0" d="M7.683 8.068a.658.658 0 00-.929-.001l-2.16 2.161-.848-.849a.657.657 0 00-.928.928L4.13 11.62a.66.66 0 00.928.001l2.625-2.625a.657.657 0 000-.928zm0 5.25a.658.658 0 00-.929-.001l-2.16 2.161-.848-.848a.657.657 0 00-.928.928l1.312 1.313a.654.654 0 00.928 0l2.625-2.625a.657.657 0 000-.928zm4.786-4.13H9.844a.656.656 0 000 1.312h2.625a.656.656 0 000-1.313zm0 5.25H9.844a.656.656 0 000 1.312h2.625a.656.656 0 000-1.313z"/><path fill="#737373" stroke="none" pid="1" d="M14.438 2.625h-2.626v-.656a.656.656 0 00-.656-.657H9.732A1.974 1.974 0 007.875 0C7.019 0 6.29.549 6.018 1.313H4.594a.656.656 0 00-.657.656v.656H1.313C.589 2.625 0 3.215 0 3.938v15.75C0 20.41.59 21 1.313 21h13.124c.724 0 1.313-.59 1.313-1.313V3.938c0-.723-.59-1.312-1.313-1.312zm-9.188 0h1.313a.656.656 0 00.656-.656.656.656 0 011.312 0c0 .362.294.656.656.656H10.5v1.313H5.25V2.625zm9.188 17.063H1.312V3.938h2.625v.656c0 .362.294.656.657.656h6.562a.656.656 0 00.656-.656v-.657h2.626v15.75z"/></svg></div></div> <!----></div> <div class="product-card-event-label-wrapper" data-v-4eb474b4><!----></div> <div class="product-card-content" data-v-4eb474b4><a href="/us_en/frantoio-franci-villa-magra-extra-virgin-olive-oil-16-9-oz" class="product-link" data-v-4eb474b4><div class="product-card-image-name-manufacturer" data-v-4eb474b4><div class="product-card-image" data-v-4eb474b4><img width="200" height="200" alt="Villa Magra Extra Virgin Olive Oil 16.9 oz" src="https://www.eataly.com/media/catalog/product/5/0/500214-villa-magra-extra-virgin-olive-oil-16_9-oz-frantoio-franci_thumb_1_1.jpg" loading="lazy" class="product-image" data-v-4eb474b4> <div class="product-badge product-badge product-badge--discount" data-v-608c9b3f data-v-4eb474b4><span data-v-608c9b3f>Offer -20%</span></div></div> <div class="name-manufacturer" data-v-4eb474b4><div data-test-e2e="product-card-product-name" class="product-card-name" data-v-4eb474b4><span data-v-4eb474b4>
                                    Villa Magra Extra Virgin Olive Oil 16.9 oz
                                </span></div> <div class="product-card-manufacturer" data-v-4eb474b4><!----> <span data-v-4eb474b4>
                                    Frantoio Franci
                                </span></div> <!----></div></div></a> <div class="product-card-price-add-info" data-v-4eb474b4><!----> <div class="add-info" data-v-4eb474b4><div class="product-card-info" data-v-4eb474b4><div class="item-info" data-v-4eb474b4><div data-v-4eb474b4>$2,56/Fl Oz</div> <div data-v-4eb474b4>16.9 Fl Oz</div></div> <div class="price" data-v-4eb474b4><div class="original-price" data-v-4eb474b4>
                                    $53.99
                                </div> <div class="final-price" data-v-4eb474b4>$43.19</div></div></div> <div class="product-card-add" data-v-4eb474b4><div data-test-e2e="add-to-cart-button" class="button-wrapper add-to-cart-button dense-grid-layout" data-v-1956333b data-v-4eb474b4><div data-test-e2e="add-to-cart-no-items" tabindex="0" role="button" class="button-no-items a11y-focus-standard" data-v-1956333b><!----> <div class="no-items-label dense-grid-layout" data-v-1956333b><svg version="1.1" viewBox="0 0 388 339" class="cart-icon svg-icon svg-fill" style="width:17px;height:15px;" data-v-1956333b><path fill="#fff" stroke="none" pid="0" id="Layer" fill-rule="evenodd" d="M128.11 224.12c-2.84 0-5.57 1.13-7.58 3.14a10.726 10.726 0 00-3.14 7.58c0 2.84 1.13 5.57 3.14 7.58 2.01 2.01 4.74 3.14 7.58 3.14h196.36c2.84 0 5.57 1.13 7.58 3.14 2.01 2.01 3.14 4.74 3.14 7.58s-1.13 5.57-3.14 7.58a10.726 10.726 0 01-7.58 3.14H128.11c-7.45.11-14.71-2.38-20.53-7.04a32.081 32.081 0 01-11.36-18.5 32.04 32.04 0 013-21.49c3.46-6.6 9.12-11.79 15.99-14.68-2.05-9.14-37.73-168.1-39.1-174.22H19.8c-2.84 0-5.57-1.13-7.58-3.14a10.726 10.726 0 01-3.14-7.58c0-2.84 1.13-5.57 3.14-7.58 2.01-2.01 4.74-3.14 7.58-3.14h65c1.22-.01 2.42.19 3.57.59 1.15.4 2.23.99 3.18 1.74.96.76 1.77 1.67 2.42 2.7.65 1.02 1.13 2.15 1.4 3.34l7.74 34.52h264.67a10.708 10.708 0 014.82 1.12c.75.37 1.46.83 2.1 1.36.64.53 1.22 1.13 1.73 1.79.5.66.93 1.37 1.26 2.13.34.75.59 1.55.74 2.36a10.555 10.555 0 01-.24 4.91l-43.31 150.13c-.33 1.12-.83 2.17-1.5 3.13-.66.95-1.48 1.8-2.41 2.49-.93.7-1.97 1.24-3.08 1.6-1.1.37-2.26.55-3.42.55H128.08l.03.03zm8.69-22.48h179.5L353.43 73H107.92l28.88 128.64z" fill="#000"/><path fill="#fff" stroke="none" pid="1" id="Layer" fill-rule="evenodd" d="M178.07 298.32c0 17.74-14.21 32.17-31.68 32.17s-31.68-14.43-31.68-32.17c0-17.74 14.21-32.17 31.68-32.17s31.68 14.43 31.68 32.17zm-27.98 9.94c1.18-.48 2.25-1.2 3.14-2.1.9-.89 1.62-1.96 2.1-3.14.49-1.17.74-2.43.74-3.7 0-3.92-2.36-7.44-5.98-8.94a9.66 9.66 0 00-10.54 2.1 9.66 9.66 0 00-2.1 10.54 9.672 9.672 0 008.94 5.98c1.27 0 2.53-.25 3.7-.74zM304.69 267c17.47 0 31.67 14.4 31.67 32.14 0 17.74-14.21 32.17-31.68 32.17S273 316.88 273 299.14c0-17.73 14.22-32.14 31.69-32.14zm-.3 22.71a9.7 9.7 0 00-3.68.73 9.534 9.534 0 00-3.12 2.08c-.9.89-1.6 1.95-2.09 3.12a9.7 9.7 0 00-.73 3.68 9.61 9.61 0 005.93 8.88c3.59 1.49 7.73.66 10.48-2.08a9.632 9.632 0 002.08-10.48 9.61 9.61 0 00-8.88-5.93h.01z" fill="#000"/></svg> <span class="cart-icon-text" data-v-1956333b>Add to cart</span></div></div></div></div></div></div></div></div> <div class="product-card-back" data-v-4eb474b4><div class="wishlist-drop-down-wrapper" style="display:none;" data-v-f16d327c data-v-4eb474b4><div class="wishlist-drop-down-banner" data-v-344dcb9e data-v-f16d327c>
    Choose a wishlist
    <svg version="1.1" viewBox="0 0 16 21" class="icon svg-icon svg-fill" style="width:16px;height:21px;" data-v-344dcb9e><path fill="white" stroke="none" pid="0" d="M7.683 8.068a.658.658 0 00-.929-.001l-2.16 2.161-.848-.849a.657.657 0 00-.928.928L4.13 11.62a.66.66 0 00.928.001l2.625-2.625a.657.657 0 000-.928zm0 5.25a.658.658 0 00-.929-.001l-2.16 2.161-.848-.848a.657.657 0 00-.928.928l1.312 1.313a.654.654 0 00.928 0l2.625-2.625a.657.657 0 000-.928zm4.786-4.13H9.844a.656.656 0 000 1.312h2.625a.656.656 0 000-1.313zm0 5.25H9.844a.656.656 0 000 1.312h2.625a.656.656 0 000-1.313z"/><path fill="white" stroke="none" pid="1" d="M14.438 2.625h-2.626v-.656a.656.656 0 00-.656-.657H9.732A1.974 1.974 0 007.875 0C7.019 0 6.29.549 6.018 1.313H4.594a.656.656 0 00-.657.656v.656H1.313C.589 2.625 0 3.215 0 3.938v15.75C0 20.41.59 21 1.313 21h13.124c.724 0 1.313-.59 1.313-1.313V3.938c0-.723-.59-1.312-1.313-1.312zm-9.188 0h1.313a.656.656 0 00.656-.656.656.656 0 011.312 0c0 .362.294.656.656.656H10.5v1.313H5.25V2.625zm9.188 17.063H1.312V3.938h2.625v.656c0 .362.294.656.657.656h6.562a.656.656 0 00.656-.656v-.657h2.626v15.75z"/></svg> <div class="closing-icon" style="display:none;" data-v-344dcb9e><svg version="1.1" viewBox="0 0 18 18" class="remove-icon svg-icon svg-fill" style="width:10px;height:10px;" data-v-344dcb9e><path fill="#fff" stroke="none" pid="0" fill="#333" d="M17.755 1.814A.699.699 0 0018 1.273a.738.738 0 00-.245-.554.803.803 0 00-.573-.219.855.855 0 00-.587.219L9 7.905 1.39.719A.797.797 0 00.818.5a.855.855 0 00-.586.219.758.758 0 00-.232.554c0 .213.077.394.232.54L7.841 9l-7.61 7.173a.761.761 0 00-.231.554c0 .214.077.394.232.541.165.155.36.232.586.232a.78.78 0 00.573-.232L9 10.095l7.595 7.173c.165.155.36.232.587.232a.781.781 0 00.573-.232.697.697 0 00.245-.54c0-.215-.081-.4-.245-.555L10.159 9l7.596-7.186z" fill-rule="evenodd"/></svg></div></div> <div class="wishlist-item-wrapper" data-v-b9033f4a data-v-f16d327c><div class="scroll" data-v-b9033f4a><div data-v-9444bd58 data-v-b9033f4a></div> <!----></div> <div class="wishlist-dropdown-link" data-v-b9033f4a><div data-v-697dda27 data-v-b9033f4a><div class="wishlist-link" data-v-697dda27><a data-v-697dda27>Create new wishlist</a></div> <div class="wishlist-link" data-v-697dda27><a data-v-697dda27>Manage wishlists</a></div></div></div></div></div></div></div></div></div><div class="swiper-slide cms-product-cards-carousel-slide" data-v-6dc1bbe5><div class="product-card-container" data-v-4eb474b4 data-v-6dc1bbe5><div class="product-card-wrapper" data-v-4eb474b4><div class="product-card" data-v-4eb474b4><div data-v-4eb474b4><div class="wishlist-wrapper" data-v-2ece9c9d><div class="wishlist-banner" style="display:none;" data-v-2ece9c9d><span data-v-2ece9c9d>
            
        </span> <!----></div> <div class="wishlist-icon dense-grid-layout" style="display:none;" data-v-2ece9c9d><span style="display:none;" data-v-2ece9c9d>Add to wishlist</span> <svg version="1.1" viewBox="0 0 16 21" class="icon svg-icon svg-fill" style="width:16px;height:21px;" data-v-2ece9c9d><path fill="#737373" stroke="none" pid="0" d="M7.683 8.068a.658.658 0 00-.929-.001l-2.16 2.161-.848-.849a.657.657 0 00-.928.928L4.13 11.62a.66.66 0 00.928.001l2.625-2.625a.657.657 0 000-.928zm0 5.25a.658.658 0 00-.929-.001l-2.16 2.161-.848-.848a.657.657 0 00-.928.928l1.312 1.313a.654.654 0 00.928 0l2.625-2.625a.657.657 0 000-.928zm4.786-4.13H9.844a.656.656 0 000 1.312h2.625a.656.656 0 000-1.313zm0 5.25H9.844a.656.656 0 000 1.312h2.625a.656.656 0 000-1.313z"/><path fill="#737373" stroke="none" pid="1" d="M14.438 2.625h-2.626v-.656a.656.656 0 00-.656-.657H9.732A1.974 1.974 0 007.875 0C7.019 0 6.29.549 6.018 1.313H4.594a.656.656 0 00-.657.656v.656H1.313C.589 2.625 0 3.215 0 3.938v15.75C0 20.41.59 21 1.313 21h13.124c.724 0 1.313-.59 1.313-1.313V3.938c0-.723-.59-1.312-1.313-1.312zm-9.188 0h1.313a.656.656 0 00.656-.656.656.656 0 011.312 0c0 .362.294.656.656.656H10.5v1.313H5.25V2.625zm9.188 17.063H1.312V3.938h2.625v.656c0 .362.294.656.657.656h6.562a.656.656 0 00.656-.656v-.657h2.626v15.75z"/></svg></div></div> <!----></div> <div class="product-card-event-label-wrapper" data-v-4eb474b4><!----></div> <div class="product-card-content" data-v-4eb474b4><a href="/us_en/frantoi-cutrera-riserva-tonda-iblea-extra-virgin-olive-oil-16-9-oz" class="product-link" data-v-4eb474b4><div class="product-card-image-name-manufacturer" data-v-4eb474b4><div class="product-card-image" data-v-4eb474b4><img width="200" height="200" alt="Riserva Tonda Iblea Extra Virgin Olive Oil 16.9 oz" src="https://www.eataly.com/media/catalog/product/5/1/510610-riserva-tonda-iblea-extra-virgin-olive-oil-16_9-oz-frantoi-cutrera_thumb_1_1.jpg" loading="lazy" class="product-image" data-v-4eb474b4> <div class="product-badge product-badge product-badge--discount" data-v-608c9b3f data-v-4eb474b4><span data-v-608c9b3f>Offer -20%</span></div></div> <div class="name-manufacturer" data-v-4eb474b4><div data-test-e2e="product-card-product-name" class="product-card-name" data-v-4eb474b4><span data-v-4eb474b4>
                                    Riserva Tonda Iblea Extra Virgin Olive Oil 16.9 oz
                                </span></div> <div class="product-card-manufacturer" data-v-4eb474b4><!----> <span data-v-4eb474b4>
                                    Frantoi Cutrera
                                </span></div> <!----></div></div></a> <div class="product-card-price-add-info" data-v-4eb474b4><!----> <div class="add-info" data-v-4eb474b4><div class="product-card-info" data-v-4eb474b4><div class="item-info" data-v-4eb474b4><div data-v-4eb474b4>$2,56/Fl Oz</div> <div data-v-4eb474b4>16.9 Fl Oz</div></div> <div class="price" data-v-4eb474b4><div class="original-price" data-v-4eb474b4>
                                    $53.99
                                </div> <div class="final-price" data-v-4eb474b4>$43.19</div></div></div> <div class="product-card-add" data-v-4eb474b4><div data-test-e2e="add-to-cart-button" class="button-wrapper add-to-cart-button dense-grid-layout" data-v-1956333b data-v-4eb474b4><div data-test-e2e="add-to-cart-no-items" tabindex="0" role="button" class="button-no-items a11y-focus-standard" data-v-1956333b><!----> <div class="no-items-label dense-grid-layout" data-v-1956333b><svg version="1.1" viewBox="0 0 388 339" class="cart-icon svg-icon svg-fill" style="width:17px;height:15px;" data-v-1956333b><path fill="#fff" stroke="none" pid="0" id="Layer" fill-rule="evenodd" d="M128.11 224.12c-2.84 0-5.57 1.13-7.58 3.14a10.726 10.726 0 00-3.14 7.58c0 2.84 1.13 5.57 3.14 7.58 2.01 2.01 4.74 3.14 7.58 3.14h196.36c2.84 0 5.57 1.13 7.58 3.14 2.01 2.01 3.14 4.74 3.14 7.58s-1.13 5.57-3.14 7.58a10.726 10.726 0 01-7.58 3.14H128.11c-7.45.11-14.71-2.38-20.53-7.04a32.081 32.081 0 01-11.36-18.5 32.04 32.04 0 013-21.49c3.46-6.6 9.12-11.79 15.99-14.68-2.05-9.14-37.73-168.1-39.1-174.22H19.8c-2.84 0-5.57-1.13-7.58-3.14a10.726 10.726 0 01-3.14-7.58c0-2.84 1.13-5.57 3.14-7.58 2.01-2.01 4.74-3.14 7.58-3.14h65c1.22-.01 2.42.19 3.57.59 1.15.4 2.23.99 3.18 1.74.96.76 1.77 1.67 2.42 2.7.65 1.02 1.13 2.15 1.4 3.34l7.74 34.52h264.67a10.708 10.708 0 014.82 1.12c.75.37 1.46.83 2.1 1.36.64.53 1.22 1.13 1.73 1.79.5.66.93 1.37 1.26 2.13.34.75.59 1.55.74 2.36a10.555 10.555 0 01-.24 4.91l-43.31 150.13c-.33 1.12-.83 2.17-1.5 3.13-.66.95-1.48 1.8-2.41 2.49-.93.7-1.97 1.24-3.08 1.6-1.1.37-2.26.55-3.42.55H128.08l.03.03zm8.69-22.48h179.5L353.43 73H107.92l28.88 128.64z" fill="#000"/><path fill="#fff" stroke="none" pid="1" id="Layer" fill-rule="evenodd" d="M178.07 298.32c0 17.74-14.21 32.17-31.68 32.17s-31.68-14.43-31.68-32.17c0-17.74 14.21-32.17 31.68-32.17s31.68 14.43 31.68 32.17zm-27.98 9.94c1.18-.48 2.25-1.2 3.14-2.1.9-.89 1.62-1.96 2.1-3.14.49-1.17.74-2.43.74-3.7 0-3.92-2.36-7.44-5.98-8.94a9.66 9.66 0 00-10.54 2.1 9.66 9.66 0 00-2.1 10.54 9.672 9.672 0 008.94 5.98c1.27 0 2.53-.25 3.7-.74zM304.69 267c17.47 0 31.67 14.4 31.67 32.14 0 17.74-14.21 32.17-31.68 32.17S273 316.88 273 299.14c0-17.73 14.22-32.14 31.69-32.14zm-.3 22.71a9.7 9.7 0 00-3.68.73 9.534 9.534 0 00-3.12 2.08c-.9.89-1.6 1.95-2.09 3.12a9.7 9.7 0 00-.73 3.68 9.61 9.61 0 005.93 8.88c3.59 1.49 7.73.66 10.48-2.08a9.632 9.632 0 002.08-10.48 9.61 9.61 0 00-8.88-5.93h.01z" fill="#000"/></svg> <span class="cart-icon-text" data-v-1956333b>Add to cart</span></div></div></div></div></div></div></div></div> <div class="product-card-back" data-v-4eb474b4><div class="wishlist-drop-down-wrapper" style="display:none;" data-v-f16d327c data-v-4eb474b4><div class="wishlist-drop-down-banner" data-v-344dcb9e data-v-f16d327c>
    Choose a wishlist
    <svg version="1.1" viewBox="0 0 16 21" class="icon svg-icon svg-fill" style="width:16px;height:21px;" data-v-344dcb9e><path fill="white" stroke="none" pid="0" d="M7.683 8.068a.658.658 0 00-.929-.001l-2.16 2.161-.848-.849a.657.657 0 00-.928.928L4.13 11.62a.66.66 0 00.928.001l2.625-2.625a.657.657 0 000-.928zm0 5.25a.658.658 0 00-.929-.001l-2.16 2.161-.848-.848a.657.657 0 00-.928.928l1.312 1.313a.654.654 0 00.928 0l2.625-2.625a.657.657 0 000-.928zm4.786-4.13H9.844a.656.656 0 000 1.312h2.625a.656.656 0 000-1.313zm0 5.25H9.844a.656.656 0 000 1.312h2.625a.656.656 0 000-1.313z"/><path fill="white" stroke="none" pid="1" d="M14.438 2.625h-2.626v-.656a.656.656 0 00-.656-.657H9.732A1.974 1.974 0 007.875 0C7.019 0 6.29.549 6.018 1.313H4.594a.656.656 0 00-.657.656v.656H1.313C.589 2.625 0 3.215 0 3.938v15.75C0 20.41.59 21 1.313 21h13.124c.724 0 1.313-.59 1.313-1.313V3.938c0-.723-.59-1.312-1.313-1.312zm-9.188 0h1.313a.656.656 0 00.656-.656.656.656 0 011.312 0c0 .362.294.656.656.656H10.5v1.313H5.25V2.625zm9.188 17.063H1.312V3.938h2.625v.656c0 .362.294.656.657.656h6.562a.656.656 0 00.656-.656v-.657h2.626v15.75z"/></svg> <div class="closing-icon" style="display:none;" data-v-344dcb9e><svg version="1.1" viewBox="0 0 18 18" class="remove-icon svg-icon svg-fill" style="width:10px;height:10px;" data-v-344dcb9e><path fill="#fff" stroke="none" pid="0" fill="#333" d="M17.755 1.814A.699.699 0 0018 1.273a.738.738 0 00-.245-.554.803.803 0 00-.573-.219.855.855 0 00-.587.219L9 7.905 1.39.719A.797.797 0 00.818.5a.855.855 0 00-.586.219.758.758 0 00-.232.554c0 .213.077.394.232.54L7.841 9l-7.61 7.173a.761.761 0 00-.231.554c0 .214.077.394.232.541.165.155.36.232.586.232a.78.78 0 00.573-.232L9 10.095l7.595 7.173c.165.155.36.232.587.232a.781.781 0 00.573-.232.697.697 0 00.245-.54c0-.215-.081-.4-.245-.555L10.159 9l7.596-7.186z" fill-rule="evenodd"/></svg></div></div> <div class="wishlist-item-wrapper" data-v-b9033f4a data-v-f16d327c><div class="scroll" data-v-b9033f4a><div data-v-9444bd58 data-v-b9033f4a></div> <!----></div> <div class="wishlist-dropdown-link" data-v-b9033f4a><div data-v-697dda27 data-v-b9033f4a><div class="wishlist-link" data-v-697dda27><a data-v-697dda27>Create new wishlist</a></div> <div class="wishlist-link" data-v-697dda27><a data-v-697dda27>Manage wishlists</a></div></div></div></div></div></div></div></div></div><div class="swiper-slide cms-product-cards-carousel-slide" data-v-6dc1bbe5><div class="product-card-container" data-v-4eb474b4 data-v-6dc1bbe5><div class="product-card-wrapper" data-v-4eb474b4><div class="product-card" data-v-4eb474b4><div data-v-4eb474b4><div class="wishlist-wrapper" data-v-2ece9c9d><div class="wishlist-banner" style="display:none;" data-v-2ece9c9d><span data-v-2ece9c9d>
            
        </span> <!----></div> <div class="wishlist-icon dense-grid-layout" style="display:none;" data-v-2ece9c9d><span style="display:none;" data-v-2ece9c9d>Add to wishlist</span> <svg version="1.1" viewBox="0 0 16 21" class="icon svg-icon svg-fill" style="width:16px;height:21px;" data-v-2ece9c9d><path fill="#737373" stroke="none" pid="0" d="M7.683 8.068a.658.658 0 00-.929-.001l-2.16 2.161-.848-.849a.657.657 0 00-.928.928L4.13 11.62a.66.66 0 00.928.001l2.625-2.625a.657.657 0 000-.928zm0 5.25a.658.658 0 00-.929-.001l-2.16 2.161-.848-.848a.657.657 0 00-.928.928l1.312 1.313a.654.654 0 00.928 0l2.625-2.625a.657.657 0 000-.928zm4.786-4.13H9.844a.656.656 0 000 1.312h2.625a.656.656 0 000-1.313zm0 5.25H9.844a.656.656 0 000 1.312h2.625a.656.656 0 000-1.313z"/><path fill="#737373" stroke="none" pid="1" d="M14.438 2.625h-2.626v-.656a.656.656 0 00-.656-.657H9.732A1.974 1.974 0 007.875 0C7.019 0 6.29.549 6.018 1.313H4.594a.656.656 0 00-.657.656v.656H1.313C.589 2.625 0 3.215 0 3.938v15.75C0 20.41.59 21 1.313 21h13.124c.724 0 1.313-.59 1.313-1.313V3.938c0-.723-.59-1.312-1.313-1.312zm-9.188 0h1.313a.656.656 0 00.656-.656.656.656 0 011.312 0c0 .362.294.656.656.656H10.5v1.313H5.25V2.625zm9.188 17.063H1.312V3.938h2.625v.656c0 .362.294.656.657.656h6.562a.656.656 0 00.656-.656v-.657h2.626v15.75z"/></svg></div></div> <!----></div> <div class="product-card-event-label-wrapper" data-v-4eb474b4><!----></div> <div class="product-card-content" data-v-4eb474b4><a href="/us_en/acetomodena-aceto-modena-balsamic-vinegar-of-modena-igp-nero-8-5-oz" class="product-link" data-v-4eb474b4><div class="product-card-image-name-manufacturer" data-v-4eb474b4><div class="product-card-image" data-v-4eb474b4><img width="200" height="200" alt="Aceto Modena Balsamic Vinegar of Modena IGP 'Nero' 8.5 oz" src="https://www.eataly.com/media/catalog/product/5/0/507540-aceto-modena-balsamic-vinegar-of-modena-igp-_nero_-8_45-oz-acetomodena_thumb_1.jpg" loading="lazy" class="product-image" data-v-4eb474b4> <div class="product-badge product-badge product-badge--discount" data-v-608c9b3f data-v-4eb474b4><span data-v-608c9b3f>Offer -20%</span></div></div> <div class="name-manufacturer" data-v-4eb474b4><div data-test-e2e="product-card-product-name" class="product-card-name" data-v-4eb474b4><span data-v-4eb474b4>
                                    Aceto Modena Balsamic Vinegar of Modena IGP 'Nero' 8.5 oz
                                </span></div> <div class="product-card-manufacturer" data-v-4eb474b4><!----> <span data-v-4eb474b4>
                                    Acetomodena
                                </span></div> <!----></div></div></a> <div class="product-card-price-add-info" data-v-4eb474b4><!----> <div class="add-info" data-v-4eb474b4><div class="product-card-info" data-v-4eb474b4><div class="item-info" data-v-4eb474b4><div data-v-4eb474b4>$2,87/Fl Oz</div> <div data-v-4eb474b4>8.5 Fl Oz</div></div> <div class="price" data-v-4eb474b4><div class="original-price" data-v-4eb474b4>
                                    $30.49
                                </div> <div class="final-price" data-v-4eb474b4>$24.39</div></div></div> <div class="product-card-add" data-v-4eb474b4><div data-test-e2e="add-to-cart-button" class="button-wrapper add-to-cart-button dense-grid-layout" data-v-1956333b data-v-4eb474b4><div data-test-e2e="add-to-cart-no-items" tabindex="0" role="button" class="button-no-items a11y-focus-standard" data-v-1956333b><!----> <div class="no-items-label dense-grid-layout" data-v-1956333b><svg version="1.1" viewBox="0 0 388 339" class="cart-icon svg-icon svg-fill" style="width:17px;height:15px;" data-v-1956333b><path fill="#fff" stroke="none" pid="0" id="Layer" fill-rule="evenodd" d="M128.11 224.12c-2.84 0-5.57 1.13-7.58 3.14a10.726 10.726 0 00-3.14 7.58c0 2.84 1.13 5.57 3.14 7.58 2.01 2.01 4.74 3.14 7.58 3.14h196.36c2.84 0 5.57 1.13 7.58 3.14 2.01 2.01 3.14 4.74 3.14 7.58s-1.13 5.57-3.14 7.58a10.726 10.726 0 01-7.58 3.14H128.11c-7.45.11-14.71-2.38-20.53-7.04a32.081 32.081 0 01-11.36-18.5 32.04 32.04 0 013-21.49c3.46-6.6 9.12-11.79 15.99-14.68-2.05-9.14-37.73-168.1-39.1-174.22H19.8c-2.84 0-5.57-1.13-7.58-3.14a10.726 10.726 0 01-3.14-7.58c0-2.84 1.13-5.57 3.14-7.58 2.01-2.01 4.74-3.14 7.58-3.14h65c1.22-.01 2.42.19 3.57.59 1.15.4 2.23.99 3.18 1.74.96.76 1.77 1.67 2.42 2.7.65 1.02 1.13 2.15 1.4 3.34l7.74 34.52h264.67a10.708 10.708 0 014.82 1.12c.75.37 1.46.83 2.1 1.36.64.53 1.22 1.13 1.73 1.79.5.66.93 1.37 1.26 2.13.34.75.59 1.55.74 2.36a10.555 10.555 0 01-.24 4.91l-43.31 150.13c-.33 1.12-.83 2.17-1.5 3.13-.66.95-1.48 1.8-2.41 2.49-.93.7-1.97 1.24-3.08 1.6-1.1.37-2.26.55-3.42.55H128.08l.03.03zm8.69-22.48h179.5L353.43 73H107.92l28.88 128.64z" fill="#000"/><path fill="#fff" stroke="none" pid="1" id="Layer" fill-rule="evenodd" d="M178.07 298.32c0 17.74-14.21 32.17-31.68 32.17s-31.68-14.43-31.68-32.17c0-17.74 14.21-32.17 31.68-32.17s31.68 14.43 31.68 32.17zm-27.98 9.94c1.18-.48 2.25-1.2 3.14-2.1.9-.89 1.62-1.96 2.1-3.14.49-1.17.74-2.43.74-3.7 0-3.92-2.36-7.44-5.98-8.94a9.66 9.66 0 00-10.54 2.1 9.66 9.66 0 00-2.1 10.54 9.672 9.672 0 008.94 5.98c1.27 0 2.53-.25 3.7-.74zM304.69 267c17.47 0 31.67 14.4 31.67 32.14 0 17.74-14.21 32.17-31.68 32.17S273 316.88 273 299.14c0-17.73 14.22-32.14 31.69-32.14zm-.3 22.71a9.7 9.7 0 00-3.68.73 9.534 9.534 0 00-3.12 2.08c-.9.89-1.6 1.95-2.09 3.12a9.7 9.7 0 00-.73 3.68 9.61 9.61 0 005.93 8.88c3.59 1.49 7.73.66 10.48-2.08a9.632 9.632 0 002.08-10.48 9.61 9.61 0 00-8.88-5.93h.01z" fill="#000"/></svg> <span class="cart-icon-text" data-v-1956333b>Add to cart</span></div></div></div></div></div></div></div></div> <div class="product-card-back" data-v-4eb474b4><div class="wishlist-drop-down-wrapper" style="display:none;" data-v-f16d327c data-v-4eb474b4><div class="wishlist-drop-down-banner" data-v-344dcb9e data-v-f16d327c>
    Choose a wishlist
    <svg version="1.1" viewBox="0 0 16 21" class="icon svg-icon svg-fill" style="width:16px;height:21px;" data-v-344dcb9e><path fill="white" stroke="none" pid="0" d="M7.683 8.068a.658.658 0 00-.929-.001l-2.16 2.161-.848-.849a.657.657 0 00-.928.928L4.13 11.62a.66.66 0 00.928.001l2.625-2.625a.657.657 0 000-.928zm0 5.25a.658.658 0 00-.929-.001l-2.16 2.161-.848-.848a.657.657 0 00-.928.928l1.312 1.313a.654.654 0 00.928 0l2.625-2.625a.657.657 0 000-.928zm4.786-4.13H9.844a.656.656 0 000 1.312h2.625a.656.656 0 000-1.313zm0 5.25H9.844a.656.656 0 000 1.312h2.625a.656.656 0 000-1.313z"/><path fill="white" stroke="none" pid="1" d="M14.438 2.625h-2.626v-.656a.656.656 0 00-.656-.657H9.732A1.974 1.974 0 007.875 0C7.019 0 6.29.549 6.018 1.313H4.594a.656.656 0 00-.657.656v.656H1.313C.589 2.625 0 3.215 0 3.938v15.75C0 20.41.59 21 1.313 21h13.124c.724 0 1.313-.59 1.313-1.313V3.938c0-.723-.59-1.312-1.313-1.312zm-9.188 0h1.313a.656.656 0 00.656-.656.656.656 0 011.312 0c0 .362.294.656.656.656H10.5v1.313H5.25V2.625zm9.188 17.063H1.312V3.938h2.625v.656c0 .362.294.656.657.656h6.562a.656.656 0 00.656-.656v-.657h2.626v15.75z"/></svg> <div class="closing-icon" style="display:none;" data-v-344dcb9e><svg version="1.1" viewBox="0 0 18 18" class="remove-icon svg-icon svg-fill" style="width:10px;height:10px;" data-v-344dcb9e><path fill="#fff" stroke="none" pid="0" fill="#333" d="M17.755 1.814A.699.699 0 0018 1.273a.738.738 0 00-.245-.554.803.803 0 00-.573-.219.855.855 0 00-.587.219L9 7.905 1.39.719A.797.797 0 00.818.5a.855.855 0 00-.586.219.758.758 0 00-.232.554c0 .213.077.394.232.54L7.841 9l-7.61 7.173a.761.761 0 00-.231.554c0 .214.077.394.232.541.165.155.36.232.586.232a.78.78 0 00.573-.232L9 10.095l7.595 7.173c.165.155.36.232.587.232a.781.781 0 00.573-.232.697.697 0 00.245-.54c0-.215-.081-.4-.245-.555L10.159 9l7.596-7.186z" fill-rule="evenodd"/></svg></div></div> <div class="wishlist-item-wrapper" data-v-b9033f4a data-v-f16d327c><div class="scroll" data-v-b9033f4a><div data-v-9444bd58 data-v-b9033f4a></div> <!----></div> <div class="wishlist-dropdown-link" data-v-b9033f4a><div data-v-697dda27 data-v-b9033f4a><div class="wishlist-link" data-v-697dda27><a data-v-697dda27>Create new wishlist</a></div> <div class="wishlist-link" data-v-697dda27><a data-v-697dda27>Manage wishlists</a></div></div></div></div></div></div></div></div></div><div class="swiper-slide cms-product-cards-carousel-slide" data-v-6dc1bbe5><div class="product-card-container" data-v-4eb474b4 data-v-6dc1bbe5><div class="product-card-wrapper" data-v-4eb474b4><div class="product-card" data-v-4eb474b4><div data-v-4eb474b4><div class="wishlist-wrapper" data-v-2ece9c9d><div class="wishlist-banner" style="display:none;" data-v-2ece9c9d><span data-v-2ece9c9d>
            
        </span> <!----></div> <div class="wishlist-icon dense-grid-layout" style="display:none;" data-v-2ece9c9d><span style="display:none;" data-v-2ece9c9d>Add to wishlist</span> <svg version="1.1" viewBox="0 0 16 21" class="icon svg-icon svg-fill" style="width:16px;height:21px;" data-v-2ece9c9d><path fill="#737373" stroke="none" pid="0" d="M7.683 8.068a.658.658 0 00-.929-.001l-2.16 2.161-.848-.849a.657.657 0 00-.928.928L4.13 11.62a.66.66 0 00.928.001l2.625-2.625a.657.657 0 000-.928zm0 5.25a.658.658 0 00-.929-.001l-2.16 2.161-.848-.848a.657.657 0 00-.928.928l1.312 1.313a.654.654 0 00.928 0l2.625-2.625a.657.657 0 000-.928zm4.786-4.13H9.844a.656.656 0 000 1.312h2.625a.656.656 0 000-1.313zm0 5.25H9.844a.656.656 0 000 1.312h2.625a.656.656 0 000-1.313z"/><path fill="#737373" stroke="none" pid="1" d="M14.438 2.625h-2.626v-.656a.656.656 0 00-.656-.657H9.732A1.974 1.974 0 007.875 0C7.019 0 6.29.549 6.018 1.313H4.594a.656.656 0 00-.657.656v.656H1.313C.589 2.625 0 3.215 0 3.938v15.75C0 20.41.59 21 1.313 21h13.124c.724 0 1.313-.59 1.313-1.313V3.938c0-.723-.59-1.312-1.313-1.312zm-9.188 0h1.313a.656.656 0 00.656-.656.656.656 0 011.312 0c0 .362.294.656.656.656H10.5v1.313H5.25V2.625zm9.188 17.063H1.312V3.938h2.625v.656c0 .362.294.656.657.656h6.562a.656.656 0 00.656-.656v-.657h2.626v15.75z"/></svg></div></div> <!----></div> <div class="product-card-event-label-wrapper" data-v-4eb474b4><div class="event-label tiny text-only" data-v-e009e9de data-v-4eb474b4><!----> <div class="event-label-text" data-v-e009e9de><div class="event-label-text-title" data-v-e009e9de>
            Best Seller
        </div> <!----></div></div></div> <div class="product-card-content" data-v-4eb474b4><a href="/us_en/urbani-porcini-mushroom-and-white-truffle-sauce-6-3-oz" class="product-link" data-v-4eb474b4><div class="product-card-image-name-manufacturer" data-v-4eb474b4><div class="product-card-image" data-v-4eb474b4><img width="200" height="200" alt="Porcini Mushroom and White Truffle Sauce 6.3 oz" src="https://www.eataly.com/media/catalog/product/5/0/507634-A_thumb_1.jpg" loading="lazy" class="product-image" data-v-4eb474b4> <!----></div> <div class="name-manufacturer" data-v-4eb474b4><div data-test-e2e="product-card-product-name" class="product-card-name" data-v-4eb474b4><span data-v-4eb474b4>
                                    Porcini Mushroom and White Truffle Sauce 6.3 oz
                                </span></div> <div class="product-card-manufacturer" data-v-4eb474b4><!----> <span data-v-4eb474b4>
                                    Urbani
                                </span></div> <!----></div></div></a> <div class="product-card-price-add-info" data-v-4eb474b4><!----> <div class="add-info" data-v-4eb474b4><div class="product-card-info" data-v-4eb474b4><div class="item-info" data-v-4eb474b4><div data-v-4eb474b4>$2,54/Oz</div> <div data-v-4eb474b4>6.3 Oz</div></div> <div class="price" data-v-4eb474b4><div class="original-price" data-v-4eb474b4>
                                    
                                </div> <div class="final-price" data-v-4eb474b4>$15.99</div></div></div> <div class="product-card-add" data-v-4eb474b4><div data-test-e2e="add-to-cart-button" class="button-wrapper add-to-cart-button dense-grid-layout" data-v-1956333b data-v-4eb474b4><div data-test-e2e="add-to-cart-no-items" tabindex="0" role="button" class="button-no-items a11y-focus-standard" data-v-1956333b><!----> <div class="no-items-label dense-grid-layout" data-v-1956333b><svg version="1.1" viewBox="0 0 388 339" class="cart-icon svg-icon svg-fill" style="width:17px;height:15px;" data-v-1956333b><path fill="#fff" stroke="none" pid="0" id="Layer" fill-rule="evenodd" d="M128.11 224.12c-2.84 0-5.57 1.13-7.58 3.14a10.726 10.726 0 00-3.14 7.58c0 2.84 1.13 5.57 3.14 7.58 2.01 2.01 4.74 3.14 7.58 3.14h196.36c2.84 0 5.57 1.13 7.58 3.14 2.01 2.01 3.14 4.74 3.14 7.58s-1.13 5.57-3.14 7.58a10.726 10.726 0 01-7.58 3.14H128.11c-7.45.11-14.71-2.38-20.53-7.04a32.081 32.081 0 01-11.36-18.5 32.04 32.04 0 013-21.49c3.46-6.6 9.12-11.79 15.99-14.68-2.05-9.14-37.73-168.1-39.1-174.22H19.8c-2.84 0-5.57-1.13-7.58-3.14a10.726 10.726 0 01-3.14-7.58c0-2.84 1.13-5.57 3.14-7.58 2.01-2.01 4.74-3.14 7.58-3.14h65c1.22-.01 2.42.19 3.57.59 1.15.4 2.23.99 3.18 1.74.96.76 1.77 1.67 2.42 2.7.65 1.02 1.13 2.15 1.4 3.34l7.74 34.52h264.67a10.708 10.708 0 014.82 1.12c.75.37 1.46.83 2.1 1.36.64.53 1.22 1.13 1.73 1.79.5.66.93 1.37 1.26 2.13.34.75.59 1.55.74 2.36a10.555 10.555 0 01-.24 4.91l-43.31 150.13c-.33 1.12-.83 2.17-1.5 3.13-.66.95-1.48 1.8-2.41 2.49-.93.7-1.97 1.24-3.08 1.6-1.1.37-2.26.55-3.42.55H128.08l.03.03zm8.69-22.48h179.5L353.43 73H107.92l28.88 128.64z" fill="#000"/><path fill="#fff" stroke="none" pid="1" id="Layer" fill-rule="evenodd" d="M178.07 298.32c0 17.74-14.21 32.17-31.68 32.17s-31.68-14.43-31.68-32.17c0-17.74 14.21-32.17 31.68-32.17s31.68 14.43 31.68 32.17zm-27.98 9.94c1.18-.48 2.25-1.2 3.14-2.1.9-.89 1.62-1.96 2.1-3.14.49-1.17.74-2.43.74-3.7 0-3.92-2.36-7.44-5.98-8.94a9.66 9.66 0 00-10.54 2.1 9.66 9.66 0 00-2.1 10.54 9.672 9.672 0 008.94 5.98c1.27 0 2.53-.25 3.7-.74zM304.69 267c17.47 0 31.67 14.4 31.67 32.14 0 17.74-14.21 32.17-31.68 32.17S273 316.88 273 299.14c0-17.73 14.22-32.14 31.69-32.14zm-.3 22.71a9.7 9.7 0 00-3.68.73 9.534 9.534 0 00-3.12 2.08c-.9.89-1.6 1.95-2.09 3.12a9.7 9.7 0 00-.73 3.68 9.61 9.61 0 005.93 8.88c3.59 1.49 7.73.66 10.48-2.08a9.632 9.632 0 002.08-10.48 9.61 9.61 0 00-8.88-5.93h.01z" fill="#000"/></svg> <span class="cart-icon-text" data-v-1956333b>Add to cart</span></div></div></div></div></div></div></div></div> <div class="product-card-back" data-v-4eb474b4><div class="wishlist-drop-down-wrapper" style="display:none;" data-v-f16d327c data-v-4eb474b4><div class="wishlist-drop-down-banner" data-v-344dcb9e data-v-f16d327c>
    Choose a wishlist
    <svg version="1.1" viewBox="0 0 16 21" class="icon svg-icon svg-fill" style="width:16px;height:21px;" data-v-344dcb9e><path fill="white" stroke="none" pid="0" d="M7.683 8.068a.658.658 0 00-.929-.001l-2.16 2.161-.848-.849a.657.657 0 00-.928.928L4.13 11.62a.66.66 0 00.928.001l2.625-2.625a.657.657 0 000-.928zm0 5.25a.658.658 0 00-.929-.001l-2.16 2.161-.848-.848a.657.657 0 00-.928.928l1.312 1.313a.654.654 0 00.928 0l2.625-2.625a.657.657 0 000-.928zm4.786-4.13H9.844a.656.656 0 000 1.312h2.625a.656.656 0 000-1.313zm0 5.25H9.844a.656.656 0 000 1.312h2.625a.656.656 0 000-1.313z"/><path fill="white" stroke="none" pid="1" d="M14.438 2.625h-2.626v-.656a.656.656 0 00-.656-.657H9.732A1.974 1.974 0 007.875 0C7.019 0 6.29.549 6.018 1.313H4.594a.656.656 0 00-.657.656v.656H1.313C.589 2.625 0 3.215 0 3.938v15.75C0 20.41.59 21 1.313 21h13.124c.724 0 1.313-.59 1.313-1.313V3.938c0-.723-.59-1.312-1.313-1.312zm-9.188 0h1.313a.656.656 0 00.656-.656.656.656 0 011.312 0c0 .362.294.656.656.656H10.5v1.313H5.25V2.625zm9.188 17.063H1.312V3.938h2.625v.656c0 .362.294.656.657.656h6.562a.656.656 0 00.656-.656v-.657h2.626v15.75z"/></svg> <div class="closing-icon" style="display:none;" data-v-344dcb9e><svg version="1.1" viewBox="0 0 18 18" class="remove-icon svg-icon svg-fill" style="width:10px;height:10px;" data-v-344dcb9e><path fill="#fff" stroke="none" pid="0" fill="#333" d="M17.755 1.814A.699.699 0 0018 1.273a.738.738 0 00-.245-.554.803.803 0 00-.573-.219.855.855 0 00-.587.219L9 7.905 1.39.719A.797.797 0 00.818.5a.855.855 0 00-.586.219.758.758 0 00-.232.554c0 .213.077.394.232.54L7.841 9l-7.61 7.173a.761.761 0 00-.231.554c0 .214.077.394.232.541.165.155.36.232.586.232a.78.78 0 00.573-.232L9 10.095l7.595 7.173c.165.155.36.232.587.232a.781.781 0 00.573-.232.697.697 0 00.245-.54c0-.215-.081-.4-.245-.555L10.159 9l7.596-7.186z" fill-rule="evenodd"/></svg></div></div> <div class="wishlist-item-wrapper" data-v-b9033f4a data-v-f16d327c><div class="scroll" data-v-b9033f4a><div data-v-9444bd58 data-v-b9033f4a></div> <!----></div> <div class="wishlist-dropdown-link" data-v-b9033f4a><div data-v-697dda27 data-v-b9033f4a><div class="wishlist-link" data-v-697dda27><a data-v-697dda27>Create new wishlist</a></div> <div class="wishlist-link" data-v-697dda27><a data-v-697dda27>Manage wishlists</a></div></div></div></div></div></div></div></div></div><div class="swiper-slide cms-product-cards-carousel-slide" data-v-6dc1bbe5><div class="product-card-container" data-v-4eb474b4 data-v-6dc1bbe5><div class="product-card-wrapper" data-v-4eb474b4><div class="product-card" data-v-4eb474b4><div data-v-4eb474b4><div class="wishlist-wrapper" data-v-2ece9c9d><div class="wishlist-banner" style="display:none;" data-v-2ece9c9d><span data-v-2ece9c9d>
            
        </span> <!----></div> <div class="wishlist-icon dense-grid-layout" style="display:none;" data-v-2ece9c9d><span style="display:none;" data-v-2ece9c9d>Add to wishlist</span> <svg version="1.1" viewBox="0 0 16 21" class="icon svg-icon svg-fill" style="width:16px;height:21px;" data-v-2ece9c9d><path fill="#737373" stroke="none" pid="0" d="M7.683 8.068a.658.658 0 00-.929-.001l-2.16 2.161-.848-.849a.657.657 0 00-.928.928L4.13 11.62a.66.66 0 00.928.001l2.625-2.625a.657.657 0 000-.928zm0 5.25a.658.658 0 00-.929-.001l-2.16 2.161-.848-.848a.657.657 0 00-.928.928l1.312 1.313a.654.654 0 00.928 0l2.625-2.625a.657.657 0 000-.928zm4.786-4.13H9.844a.656.656 0 000 1.312h2.625a.656.656 0 000-1.313zm0 5.25H9.844a.656.656 0 000 1.312h2.625a.656.656 0 000-1.313z"/><path fill="#737373" stroke="none" pid="1" d="M14.438 2.625h-2.626v-.656a.656.656 0 00-.656-.657H9.732A1.974 1.974 0 007.875 0C7.019 0 6.29.549 6.018 1.313H4.594a.656.656 0 00-.657.656v.656H1.313C.589 2.625 0 3.215 0 3.938v15.75C0 20.41.59 21 1.313 21h13.124c.724 0 1.313-.59 1.313-1.313V3.938c0-.723-.59-1.312-1.313-1.312zm-9.188 0h1.313a.656.656 0 00.656-.656.656.656 0 011.312 0c0 .362.294.656.656.656H10.5v1.313H5.25V2.625zm9.188 17.063H1.312V3.938h2.625v.656c0 .362.294.656.657.656h6.562a.656.656 0 00.656-.656v-.657h2.626v15.75z"/></svg></div></div> <!----></div> <div class="product-card-event-label-wrapper" data-v-4eb474b4><!----></div> <div class="product-card-content" data-v-4eb474b4><a href="/us_en/alessi-moka-alessi-espresso-coffee-maker-3-cup" class="product-link" data-v-4eb474b4><div class="product-card-image-name-manufacturer" data-v-4eb474b4><div class="product-card-image" data-v-4eb474b4><img width="200" height="200" alt="Moka Alessi Espresso Coffee Maker - 3 Cup" src="https://www.eataly.com/media/catalog/product/5/0/508716-moka-alessi-espresso-coffee-maker---3-cup-alessi_thumb_1.jpg" loading="lazy" class="product-image" data-v-4eb474b4> <!----></div> <div class="name-manufacturer" data-v-4eb474b4><div data-test-e2e="product-card-product-name" class="product-card-name" data-v-4eb474b4><span data-v-4eb474b4>
                                    Moka Alessi Espresso Coffee Maker - 3 Cup
                                </span></div> <div class="product-card-manufacturer" data-v-4eb474b4><!----> <span data-v-4eb474b4>
                                    Alessi
                                </span></div> <!----></div></div></a> <div class="product-card-price-add-info" data-v-4eb474b4><!----> <div class="add-info" data-v-4eb474b4><div class="product-card-info" data-v-4eb474b4><div class="item-info" data-v-4eb474b4><div data-v-4eb474b4></div> <div data-v-4eb474b4>1 Unit</div></div> <div class="price" data-v-4eb474b4><div class="original-price" data-v-4eb474b4>
                                    
                                </div> <div class="final-price" data-v-4eb474b4>$81.49</div></div></div> <div class="product-card-add" data-v-4eb474b4><div data-test-e2e="add-to-cart-button" class="button-wrapper add-to-cart-button dense-grid-layout" data-v-1956333b data-v-4eb474b4><div data-test-e2e="add-to-cart-no-items" tabindex="0" role="button" class="button-no-items a11y-focus-standard" data-v-1956333b><!----> <div class="no-items-label dense-grid-layout" data-v-1956333b><svg version="1.1" viewBox="0 0 388 339" class="cart-icon svg-icon svg-fill" style="width:17px;height:15px;" data-v-1956333b><path fill="#fff" stroke="none" pid="0" id="Layer" fill-rule="evenodd" d="M128.11 224.12c-2.84 0-5.57 1.13-7.58 3.14a10.726 10.726 0 00-3.14 7.58c0 2.84 1.13 5.57 3.14 7.58 2.01 2.01 4.74 3.14 7.58 3.14h196.36c2.84 0 5.57 1.13 7.58 3.14 2.01 2.01 3.14 4.74 3.14 7.58s-1.13 5.57-3.14 7.58a10.726 10.726 0 01-7.58 3.14H128.11c-7.45.11-14.71-2.38-20.53-7.04a32.081 32.081 0 01-11.36-18.5 32.04 32.04 0 013-21.49c3.46-6.6 9.12-11.79 15.99-14.68-2.05-9.14-37.73-168.1-39.1-174.22H19.8c-2.84 0-5.57-1.13-7.58-3.14a10.726 10.726 0 01-3.14-7.58c0-2.84 1.13-5.57 3.14-7.58 2.01-2.01 4.74-3.14 7.58-3.14h65c1.22-.01 2.42.19 3.57.59 1.15.4 2.23.99 3.18 1.74.96.76 1.77 1.67 2.42 2.7.65 1.02 1.13 2.15 1.4 3.34l7.74 34.52h264.67a10.708 10.708 0 014.82 1.12c.75.37 1.46.83 2.1 1.36.64.53 1.22 1.13 1.73 1.79.5.66.93 1.37 1.26 2.13.34.75.59 1.55.74 2.36a10.555 10.555 0 01-.24 4.91l-43.31 150.13c-.33 1.12-.83 2.17-1.5 3.13-.66.95-1.48 1.8-2.41 2.49-.93.7-1.97 1.24-3.08 1.6-1.1.37-2.26.55-3.42.55H128.08l.03.03zm8.69-22.48h179.5L353.43 73H107.92l28.88 128.64z" fill="#000"/><path fill="#fff" stroke="none" pid="1" id="Layer" fill-rule="evenodd" d="M178.07 298.32c0 17.74-14.21 32.17-31.68 32.17s-31.68-14.43-31.68-32.17c0-17.74 14.21-32.17 31.68-32.17s31.68 14.43 31.68 32.17zm-27.98 9.94c1.18-.48 2.25-1.2 3.14-2.1.9-.89 1.62-1.96 2.1-3.14.49-1.17.74-2.43.74-3.7 0-3.92-2.36-7.44-5.98-8.94a9.66 9.66 0 00-10.54 2.1 9.66 9.66 0 00-2.1 10.54 9.672 9.672 0 008.94 5.98c1.27 0 2.53-.25 3.7-.74zM304.69 267c17.47 0 31.67 14.4 31.67 32.14 0 17.74-14.21 32.17-31.68 32.17S273 316.88 273 299.14c0-17.73 14.22-32.14 31.69-32.14zm-.3 22.71a9.7 9.7 0 00-3.68.73 9.534 9.534 0 00-3.12 2.08c-.9.89-1.6 1.95-2.09 3.12a9.7 9.7 0 00-.73 3.68 9.61 9.61 0 005.93 8.88c3.59 1.49 7.73.66 10.48-2.08a9.632 9.632 0 002.08-10.48 9.61 9.61 0 00-8.88-5.93h.01z" fill="#000"/></svg> <span class="cart-icon-text" data-v-1956333b>Add to cart</span></div></div></div></div></div></div></div></div> <div class="product-card-back" data-v-4eb474b4><div class="wishlist-drop-down-wrapper" style="display:none;" data-v-f16d327c data-v-4eb474b4><div class="wishlist-drop-down-banner" data-v-344dcb9e data-v-f16d327c>
    Choose a wishlist
    <svg version="1.1" viewBox="0 0 16 21" class="icon svg-icon svg-fill" style="width:16px;height:21px;" data-v-344dcb9e><path fill="white" stroke="none" pid="0" d="M7.683 8.068a.658.658 0 00-.929-.001l-2.16 2.161-.848-.849a.657.657 0 00-.928.928L4.13 11.62a.66.66 0 00.928.001l2.625-2.625a.657.657 0 000-.928zm0 5.25a.658.658 0 00-.929-.001l-2.16 2.161-.848-.848a.657.657 0 00-.928.928l1.312 1.313a.654.654 0 00.928 0l2.625-2.625a.657.657 0 000-.928zm4.786-4.13H9.844a.656.656 0 000 1.312h2.625a.656.656 0 000-1.313zm0 5.25H9.844a.656.656 0 000 1.312h2.625a.656.656 0 000-1.313z"/><path fill="white" stroke="none" pid="1" d="M14.438 2.625h-2.626v-.656a.656.656 0 00-.656-.657H9.732A1.974 1.974 0 007.875 0C7.019 0 6.29.549 6.018 1.313H4.594a.656.656 0 00-.657.656v.656H1.313C.589 2.625 0 3.215 0 3.938v15.75C0 20.41.59 21 1.313 21h13.124c.724 0 1.313-.59 1.313-1.313V3.938c0-.723-.59-1.312-1.313-1.312zm-9.188 0h1.313a.656.656 0 00.656-.656.656.656 0 011.312 0c0 .362.294.656.656.656H10.5v1.313H5.25V2.625zm9.188 17.063H1.312V3.938h2.625v.656c0 .362.294.656.657.656h6.562a.656.656 0 00.656-.656v-.657h2.626v15.75z"/></svg> <div class="closing-icon" style="display:none;" data-v-344dcb9e><svg version="1.1" viewBox="0 0 18 18" class="remove-icon svg-icon svg-fill" style="width:10px;height:10px;" data-v-344dcb9e><path fill="#fff" stroke="none" pid="0" fill="#333" d="M17.755 1.814A.699.699 0 0018 1.273a.738.738 0 00-.245-.554.803.803 0 00-.573-.219.855.855 0 00-.587.219L9 7.905 1.39.719A.797.797 0 00.818.5a.855.855 0 00-.586.219.758.758 0 00-.232.554c0 .213.077.394.232.54L7.841 9l-7.61 7.173a.761.761 0 00-.231.554c0 .214.077.394.232.541.165.155.36.232.586.232a.78.78 0 00.573-.232L9 10.095l7.595 7.173c.165.155.36.232.587.232a.781.781 0 00.573-.232.697.697 0 00.245-.54c0-.215-.081-.4-.245-.555L10.159 9l7.596-7.186z" fill-rule="evenodd"/></svg></div></div> <div class="wishlist-item-wrapper" data-v-b9033f4a data-v-f16d327c><div class="scroll" data-v-b9033f4a><div data-v-9444bd58 data-v-b9033f4a></div> <!----></div> <div class="wishlist-dropdown-link" data-v-b9033f4a><div data-v-697dda27 data-v-b9033f4a><div class="wishlist-link" data-v-697dda27><a data-v-697dda27>Create new wishlist</a></div> <div class="wishlist-link" data-v-697dda27><a data-v-697dda27>Manage wishlists</a></div></div></div></div></div></div></div></div></div><div class="swiper-slide cms-product-cards-carousel-slide" data-v-6dc1bbe5><div class="product-card-container" data-v-4eb474b4 data-v-6dc1bbe5><div class="product-card-wrapper" data-v-4eb474b4><div class="product-card" data-v-4eb474b4><div data-v-4eb474b4><div class="wishlist-wrapper" data-v-2ece9c9d><div class="wishlist-banner" style="display:none;" data-v-2ece9c9d><span data-v-2ece9c9d>
            
        </span> <!----></div> <div class="wishlist-icon dense-grid-layout" style="display:none;" data-v-2ece9c9d><span style="display:none;" data-v-2ece9c9d>Add to wishlist</span> <svg version="1.1" viewBox="0 0 16 21" class="icon svg-icon svg-fill" style="width:16px;height:21px;" data-v-2ece9c9d><path fill="#737373" stroke="none" pid="0" d="M7.683 8.068a.658.658 0 00-.929-.001l-2.16 2.161-.848-.849a.657.657 0 00-.928.928L4.13 11.62a.66.66 0 00.928.001l2.625-2.625a.657.657 0 000-.928zm0 5.25a.658.658 0 00-.929-.001l-2.16 2.161-.848-.848a.657.657 0 00-.928.928l1.312 1.313a.654.654 0 00.928 0l2.625-2.625a.657.657 0 000-.928zm4.786-4.13H9.844a.656.656 0 000 1.312h2.625a.656.656 0 000-1.313zm0 5.25H9.844a.656.656 0 000 1.312h2.625a.656.656 0 000-1.313z"/><path fill="#737373" stroke="none" pid="1" d="M14.438 2.625h-2.626v-.656a.656.656 0 00-.656-.657H9.732A1.974 1.974 0 007.875 0C7.019 0 6.29.549 6.018 1.313H4.594a.656.656 0 00-.657.656v.656H1.313C.589 2.625 0 3.215 0 3.938v15.75C0 20.41.59 21 1.313 21h13.124c.724 0 1.313-.59 1.313-1.313V3.938c0-.723-.59-1.312-1.313-1.312zm-9.188 0h1.313a.656.656 0 00.656-.656.656.656 0 011.312 0c0 .362.294.656.656.656H10.5v1.313H5.25V2.625zm9.188 17.063H1.312V3.938h2.625v.656c0 .362.294.656.657.656h6.562a.656.656 0 00.656-.656v-.657h2.626v15.75z"/></svg></div></div> <!----></div> <div class="product-card-event-label-wrapper" data-v-4eb474b4><!----></div> <div class="product-card-content" data-v-4eb474b4><a href="/us_en/olis-geraci-extra-virgin-olive-oil-in-ceramic-bottle-8-5-oz" class="product-link" data-v-4eb474b4><div class="product-card-image-name-manufacturer" data-v-4eb474b4><div class="product-card-image" data-v-4eb474b4><img width="200" height="200" alt="Extra Virgin Olive Oil in Ceramic Bottle" src="https://www.eataly.com/media/catalog/product/5/1/510272-A_thumb_1.jpg" loading="lazy" class="product-image" data-v-4eb474b4> <div class="product-badge product-badge product-badge--discount" data-v-608c9b3f data-v-4eb474b4><span data-v-608c9b3f>Offer -20%</span></div></div> <div class="name-manufacturer" data-v-4eb474b4><div data-test-e2e="product-card-product-name" class="product-card-name" data-v-4eb474b4><span data-v-4eb474b4>
                                    Extra Virgin Olive Oil in Ceramic Bottle
                                </span></div> <div class="product-card-manufacturer" data-v-4eb474b4><!----> <span data-v-4eb474b4>
                                    Olis Geraci
                                </span></div> <!----></div></div></a> <div class="product-card-price-add-info" data-v-4eb474b4><!----> <div class="add-info" data-v-4eb474b4><div class="product-card-info" data-v-4eb474b4><div class="item-info" data-v-4eb474b4><div data-v-4eb474b4>$5,46/Fl Oz</div> <div data-v-4eb474b4>8.5 Fl Oz</div></div> <div class="price" data-v-4eb474b4><div class="original-price" data-v-4eb474b4>
                                    $57.99
                                </div> <div class="final-price" data-v-4eb474b4>$46.39</div></div></div> <div class="product-card-add" data-v-4eb474b4><div data-test-e2e="add-to-cart-button" class="button-wrapper add-to-cart-button dense-grid-layout" data-v-1956333b data-v-4eb474b4><div data-test-e2e="add-to-cart-no-items" tabindex="0" role="button" class="button-no-items a11y-focus-standard" data-v-1956333b><!----> <div class="no-items-label dense-grid-layout" data-v-1956333b><svg version="1.1" viewBox="0 0 388 339" class="cart-icon svg-icon svg-fill" style="width:17px;height:15px;" data-v-1956333b><path fill="#fff" stroke="none" pid="0" id="Layer" fill-rule="evenodd" d="M128.11 224.12c-2.84 0-5.57 1.13-7.58 3.14a10.726 10.726 0 00-3.14 7.58c0 2.84 1.13 5.57 3.14 7.58 2.01 2.01 4.74 3.14 7.58 3.14h196.36c2.84 0 5.57 1.13 7.58 3.14 2.01 2.01 3.14 4.74 3.14 7.58s-1.13 5.57-3.14 7.58a10.726 10.726 0 01-7.58 3.14H128.11c-7.45.11-14.71-2.38-20.53-7.04a32.081 32.081 0 01-11.36-18.5 32.04 32.04 0 013-21.49c3.46-6.6 9.12-11.79 15.99-14.68-2.05-9.14-37.73-168.1-39.1-174.22H19.8c-2.84 0-5.57-1.13-7.58-3.14a10.726 10.726 0 01-3.14-7.58c0-2.84 1.13-5.57 3.14-7.58 2.01-2.01 4.74-3.14 7.58-3.14h65c1.22-.01 2.42.19 3.57.59 1.15.4 2.23.99 3.18 1.74.96.76 1.77 1.67 2.42 2.7.65 1.02 1.13 2.15 1.4 3.34l7.74 34.52h264.67a10.708 10.708 0 014.82 1.12c.75.37 1.46.83 2.1 1.36.64.53 1.22 1.13 1.73 1.79.5.66.93 1.37 1.26 2.13.34.75.59 1.55.74 2.36a10.555 10.555 0 01-.24 4.91l-43.31 150.13c-.33 1.12-.83 2.17-1.5 3.13-.66.95-1.48 1.8-2.41 2.49-.93.7-1.97 1.24-3.08 1.6-1.1.37-2.26.55-3.42.55H128.08l.03.03zm8.69-22.48h179.5L353.43 73H107.92l28.88 128.64z" fill="#000"/><path fill="#fff" stroke="none" pid="1" id="Layer" fill-rule="evenodd" d="M178.07 298.32c0 17.74-14.21 32.17-31.68 32.17s-31.68-14.43-31.68-32.17c0-17.74 14.21-32.17 31.68-32.17s31.68 14.43 31.68 32.17zm-27.98 9.94c1.18-.48 2.25-1.2 3.14-2.1.9-.89 1.62-1.96 2.1-3.14.49-1.17.74-2.43.74-3.7 0-3.92-2.36-7.44-5.98-8.94a9.66 9.66 0 00-10.54 2.1 9.66 9.66 0 00-2.1 10.54 9.672 9.672 0 008.94 5.98c1.27 0 2.53-.25 3.7-.74zM304.69 267c17.47 0 31.67 14.4 31.67 32.14 0 17.74-14.21 32.17-31.68 32.17S273 316.88 273 299.14c0-17.73 14.22-32.14 31.69-32.14zm-.3 22.71a9.7 9.7 0 00-3.68.73 9.534 9.534 0 00-3.12 2.08c-.9.89-1.6 1.95-2.09 3.12a9.7 9.7 0 00-.73 3.68 9.61 9.61 0 005.93 8.88c3.59 1.49 7.73.66 10.48-2.08a9.632 9.632 0 002.08-10.48 9.61 9.61 0 00-8.88-5.93h.01z" fill="#000"/></svg> <span class="cart-icon-text" data-v-1956333b>Add to cart</span></div></div></div></div></div></div></div></div> <div class="product-card-back" data-v-4eb474b4><div class="wishlist-drop-down-wrapper" style="display:none;" data-v-f16d327c data-v-4eb474b4><div class="wishlist-drop-down-banner" data-v-344dcb9e data-v-f16d327c>
    Choose a wishlist
    <svg version="1.1" viewBox="0 0 16 21" class="icon svg-icon svg-fill" style="width:16px;height:21px;" data-v-344dcb9e><path fill="white" stroke="none" pid="0" d="M7.683 8.068a.658.658 0 00-.929-.001l-2.16 2.161-.848-.849a.657.657 0 00-.928.928L4.13 11.62a.66.66 0 00.928.001l2.625-2.625a.657.657 0 000-.928zm0 5.25a.658.658 0 00-.929-.001l-2.16 2.161-.848-.848a.657.657 0 00-.928.928l1.312 1.313a.654.654 0 00.928 0l2.625-2.625a.657.657 0 000-.928zm4.786-4.13H9.844a.656.656 0 000 1.312h2.625a.656.656 0 000-1.313zm0 5.25H9.844a.656.656 0 000 1.312h2.625a.656.656 0 000-1.313z"/><path fill="white" stroke="none" pid="1" d="M14.438 2.625h-2.626v-.656a.656.656 0 00-.656-.657H9.732A1.974 1.974 0 007.875 0C7.019 0 6.29.549 6.018 1.313H4.594a.656.656 0 00-.657.656v.656H1.313C.589 2.625 0 3.215 0 3.938v15.75C0 20.41.59 21 1.313 21h13.124c.724 0 1.313-.59 1.313-1.313V3.938c0-.723-.59-1.312-1.313-1.312zm-9.188 0h1.313a.656.656 0 00.656-.656.656.656 0 011.312 0c0 .362.294.656.656.656H10.5v1.313H5.25V2.625zm9.188 17.063H1.312V3.938h2.625v.656c0 .362.294.656.657.656h6.562a.656.656 0 00.656-.656v-.657h2.626v15.75z"/></svg> <div class="closing-icon" style="display:none;" data-v-344dcb9e><svg version="1.1" viewBox="0 0 18 18" class="remove-icon svg-icon svg-fill" style="width:10px;height:10px;" data-v-344dcb9e><path fill="#fff" stroke="none" pid="0" fill="#333" d="M17.755 1.814A.699.699 0 0018 1.273a.738.738 0 00-.245-.554.803.803 0 00-.573-.219.855.855 0 00-.587.219L9 7.905 1.39.719A.797.797 0 00.818.5a.855.855 0 00-.586.219.758.758 0 00-.232.554c0 .213.077.394.232.54L7.841 9l-7.61 7.173a.761.761 0 00-.231.554c0 .214.077.394.232.541.165.155.36.232.586.232a.78.78 0 00.573-.232L9 10.095l7.595 7.173c.165.155.36.232.587.232a.781.781 0 00.573-.232.697.697 0 00.245-.54c0-.215-.081-.4-.245-.555L10.159 9l7.596-7.186z" fill-rule="evenodd"/></svg></div></div> <div class="wishlist-item-wrapper" data-v-b9033f4a data-v-f16d327c><div class="scroll" data-v-b9033f4a><div data-v-9444bd58 data-v-b9033f4a></div> <!----></div> <div class="wishlist-dropdown-link" data-v-b9033f4a><div data-v-697dda27 data-v-b9033f4a><div class="wishlist-link" data-v-697dda27><a data-v-697dda27>Create new wishlist</a></div> <div class="wishlist-link" data-v-697dda27><a data-v-697dda27>Manage wishlists</a></div></div></div></div></div></div></div></div></div><div class="swiper-slide cms-product-cards-carousel-slide" data-v-6dc1bbe5><div class="product-card-container" data-v-4eb474b4 data-v-6dc1bbe5><div class="product-card-wrapper" data-v-4eb474b4><div class="product-card" data-v-4eb474b4><div data-v-4eb474b4><div class="wishlist-wrapper" data-v-2ece9c9d><div class="wishlist-banner" style="display:none;" data-v-2ece9c9d><span data-v-2ece9c9d>
            
        </span> <!----></div> <div class="wishlist-icon dense-grid-layout" style="display:none;" data-v-2ece9c9d><span style="display:none;" data-v-2ece9c9d>Add to wishlist</span> <svg version="1.1" viewBox="0 0 16 21" class="icon svg-icon svg-fill" style="width:16px;height:21px;" data-v-2ece9c9d><path fill="#737373" stroke="none" pid="0" d="M7.683 8.068a.658.658 0 00-.929-.001l-2.16 2.161-.848-.849a.657.657 0 00-.928.928L4.13 11.62a.66.66 0 00.928.001l2.625-2.625a.657.657 0 000-.928zm0 5.25a.658.658 0 00-.929-.001l-2.16 2.161-.848-.848a.657.657 0 00-.928.928l1.312 1.313a.654.654 0 00.928 0l2.625-2.625a.657.657 0 000-.928zm4.786-4.13H9.844a.656.656 0 000 1.312h2.625a.656.656 0 000-1.313zm0 5.25H9.844a.656.656 0 000 1.312h2.625a.656.656 0 000-1.313z"/><path fill="#737373" stroke="none" pid="1" d="M14.438 2.625h-2.626v-.656a.656.656 0 00-.656-.657H9.732A1.974 1.974 0 007.875 0C7.019 0 6.29.549 6.018 1.313H4.594a.656.656 0 00-.657.656v.656H1.313C.589 2.625 0 3.215 0 3.938v15.75C0 20.41.59 21 1.313 21h13.124c.724 0 1.313-.59 1.313-1.313V3.938c0-.723-.59-1.312-1.313-1.312zm-9.188 0h1.313a.656.656 0 00.656-.656.656.656 0 011.312 0c0 .362.294.656.656.656H10.5v1.313H5.25V2.625zm9.188 17.063H1.312V3.938h2.625v.656c0 .362.294.656.657.656h6.562a.656.656 0 00.656-.656v-.657h2.626v15.75z"/></svg></div></div> <!----></div> <div class="product-card-event-label-wrapper" data-v-4eb474b4><div class="event-label tiny text-only" data-v-e009e9de data-v-4eb474b4><!----> <div class="event-label-text" data-v-e009e9de><div class="event-label-text-title" data-v-e009e9de>
            Best Seller
        </div> <!----></div></div></div> <div class="product-card-content" data-v-4eb474b4><a href="/us_en/afeltra-100-italian-grain-penne-rigate-17-6-oz" class="product-link" data-v-4eb474b4><div class="product-card-image-name-manufacturer" data-v-4eb474b4><div class="product-card-image" data-v-4eb474b4><img width="200" height="200" alt="100% Italian Grain Penne Rigate 17.6 oz" src="https://www.eataly.com/media/catalog/product/5/1/512057-100_-italian-grain-penne-rigate-17_6oz-afeltra_thumb_1.jpg" loading="lazy" class="product-image" data-v-4eb474b4> <div class="product-badge product-badge product-badge--discount" data-v-608c9b3f data-v-4eb474b4><span data-v-608c9b3f>Offer -20%</span></div></div> <div class="name-manufacturer" data-v-4eb474b4><div data-test-e2e="product-card-product-name" class="product-card-name" data-v-4eb474b4><span data-v-4eb474b4>
                                    100% Italian Grain Penne Rigate 17.6 oz
                                </span></div> <div class="product-card-manufacturer" data-v-4eb474b4><!----> <span data-v-4eb474b4>
                                    Afeltra
                                </span></div> <!----></div></div></a> <div class="product-card-price-add-info" data-v-4eb474b4><!----> <div class="add-info" data-v-4eb474b4><div class="product-card-info" data-v-4eb474b4><div class="item-info" data-v-4eb474b4><div data-v-4eb474b4>$0,50/Oz</div> <div data-v-4eb474b4>17.6 Oz</div></div> <div class="price" data-v-4eb474b4><div class="original-price" data-v-4eb474b4>
                                    $10.99
                                </div> <div class="final-price" data-v-4eb474b4>$8.79</div></div></div> <div class="product-card-add" data-v-4eb474b4><div data-test-e2e="add-to-cart-button" class="button-wrapper add-to-cart-button dense-grid-layout" data-v-1956333b data-v-4eb474b4><div data-test-e2e="add-to-cart-no-items" tabindex="0" role="button" class="button-no-items a11y-focus-standard" data-v-1956333b><!----> <div class="no-items-label dense-grid-layout" data-v-1956333b><svg version="1.1" viewBox="0 0 388 339" class="cart-icon svg-icon svg-fill" style="width:17px;height:15px;" data-v-1956333b><path fill="#fff" stroke="none" pid="0" id="Layer" fill-rule="evenodd" d="M128.11 224.12c-2.84 0-5.57 1.13-7.58 3.14a10.726 10.726 0 00-3.14 7.58c0 2.84 1.13 5.57 3.14 7.58 2.01 2.01 4.74 3.14 7.58 3.14h196.36c2.84 0 5.57 1.13 7.58 3.14 2.01 2.01 3.14 4.74 3.14 7.58s-1.13 5.57-3.14 7.58a10.726 10.726 0 01-7.58 3.14H128.11c-7.45.11-14.71-2.38-20.53-7.04a32.081 32.081 0 01-11.36-18.5 32.04 32.04 0 013-21.49c3.46-6.6 9.12-11.79 15.99-14.68-2.05-9.14-37.73-168.1-39.1-174.22H19.8c-2.84 0-5.57-1.13-7.58-3.14a10.726 10.726 0 01-3.14-7.58c0-2.84 1.13-5.57 3.14-7.58 2.01-2.01 4.74-3.14 7.58-3.14h65c1.22-.01 2.42.19 3.57.59 1.15.4 2.23.99 3.18 1.74.96.76 1.77 1.67 2.42 2.7.65 1.02 1.13 2.15 1.4 3.34l7.74 34.52h264.67a10.708 10.708 0 014.82 1.12c.75.37 1.46.83 2.1 1.36.64.53 1.22 1.13 1.73 1.79.5.66.93 1.37 1.26 2.13.34.75.59 1.55.74 2.36a10.555 10.555 0 01-.24 4.91l-43.31 150.13c-.33 1.12-.83 2.17-1.5 3.13-.66.95-1.48 1.8-2.41 2.49-.93.7-1.97 1.24-3.08 1.6-1.1.37-2.26.55-3.42.55H128.08l.03.03zm8.69-22.48h179.5L353.43 73H107.92l28.88 128.64z" fill="#000"/><path fill="#fff" stroke="none" pid="1" id="Layer" fill-rule="evenodd" d="M178.07 298.32c0 17.74-14.21 32.17-31.68 32.17s-31.68-14.43-31.68-32.17c0-17.74 14.21-32.17 31.68-32.17s31.68 14.43 31.68 32.17zm-27.98 9.94c1.18-.48 2.25-1.2 3.14-2.1.9-.89 1.62-1.96 2.1-3.14.49-1.17.74-2.43.74-3.7 0-3.92-2.36-7.44-5.98-8.94a9.66 9.66 0 00-10.54 2.1 9.66 9.66 0 00-2.1 10.54 9.672 9.672 0 008.94 5.98c1.27 0 2.53-.25 3.7-.74zM304.69 267c17.47 0 31.67 14.4 31.67 32.14 0 17.74-14.21 32.17-31.68 32.17S273 316.88 273 299.14c0-17.73 14.22-32.14 31.69-32.14zm-.3 22.71a9.7 9.7 0 00-3.68.73 9.534 9.534 0 00-3.12 2.08c-.9.89-1.6 1.95-2.09 3.12a9.7 9.7 0 00-.73 3.68 9.61 9.61 0 005.93 8.88c3.59 1.49 7.73.66 10.48-2.08a9.632 9.632 0 002.08-10.48 9.61 9.61 0 00-8.88-5.93h.01z" fill="#000"/></svg> <span class="cart-icon-text" data-v-1956333b>Add to cart</span></div></div></div></div></div></div></div></div> <div class="product-card-back" data-v-4eb474b4><div class="wishlist-drop-down-wrapper" style="display:none;" data-v-f16d327c data-v-4eb474b4><div class="wishlist-drop-down-banner" data-v-344dcb9e data-v-f16d327c>
    Choose a wishlist
    <svg version="1.1" viewBox="0 0 16 21" class="icon svg-icon svg-fill" style="width:16px;height:21px;" data-v-344dcb9e><path fill="white" stroke="none" pid="0" d="M7.683 8.068a.658.658 0 00-.929-.001l-2.16 2.161-.848-.849a.657.657 0 00-.928.928L4.13 11.62a.66.66 0 00.928.001l2.625-2.625a.657.657 0 000-.928zm0 5.25a.658.658 0 00-.929-.001l-2.16 2.161-.848-.848a.657.657 0 00-.928.928l1.312 1.313a.654.654 0 00.928 0l2.625-2.625a.657.657 0 000-.928zm4.786-4.13H9.844a.656.656 0 000 1.312h2.625a.656.656 0 000-1.313zm0 5.25H9.844a.656.656 0 000 1.312h2.625a.656.656 0 000-1.313z"/><path fill="white" stroke="none" pid="1" d="M14.438 2.625h-2.626v-.656a.656.656 0 00-.656-.657H9.732A1.974 1.974 0 007.875 0C7.019 0 6.29.549 6.018 1.313H4.594a.656.656 0 00-.657.656v.656H1.313C.589 2.625 0 3.215 0 3.938v15.75C0 20.41.59 21 1.313 21h13.124c.724 0 1.313-.59 1.313-1.313V3.938c0-.723-.59-1.312-1.313-1.312zm-9.188 0h1.313a.656.656 0 00.656-.656.656.656 0 011.312 0c0 .362.294.656.656.656H10.5v1.313H5.25V2.625zm9.188 17.063H1.312V3.938h2.625v.656c0 .362.294.656.657.656h6.562a.656.656 0 00.656-.656v-.657h2.626v15.75z"/></svg> <div class="closing-icon" style="display:none;" data-v-344dcb9e><svg version="1.1" viewBox="0 0 18 18" class="remove-icon svg-icon svg-fill" style="width:10px;height:10px;" data-v-344dcb9e><path fill="#fff" stroke="none" pid="0" fill="#333" d="M17.755 1.814A.699.699 0 0018 1.273a.738.738 0 00-.245-.554.803.803 0 00-.573-.219.855.855 0 00-.587.219L9 7.905 1.39.719A.797.797 0 00.818.5a.855.855 0 00-.586.219.758.758 0 00-.232.554c0 .213.077.394.232.54L7.841 9l-7.61 7.173a.761.761 0 00-.231.554c0 .214.077.394.232.541.165.155.36.232.586.232a.78.78 0 00.573-.232L9 10.095l7.595 7.173c.165.155.36.232.587.232a.781.781 0 00.573-.232.697.697 0 00.245-.54c0-.215-.081-.4-.245-.555L10.159 9l7.596-7.186z" fill-rule="evenodd"/></svg></div></div> <div class="wishlist-item-wrapper" data-v-b9033f4a data-v-f16d327c><div class="scroll" data-v-b9033f4a><div data-v-9444bd58 data-v-b9033f4a></div> <!----></div> <div class="wishlist-dropdown-link" data-v-b9033f4a><div data-v-697dda27 data-v-b9033f4a><div class="wishlist-link" data-v-697dda27><a data-v-697dda27>Create new wishlist</a></div> <div class="wishlist-link" data-v-697dda27><a data-v-697dda27>Manage wishlists</a></div></div></div></div></div></div></div></div></div><div class="swiper-slide cms-product-cards-carousel-slide" data-v-6dc1bbe5><div class="product-card-container" data-v-4eb474b4 data-v-6dc1bbe5><div class="product-card-wrapper" data-v-4eb474b4><div class="product-card" data-v-4eb474b4><div data-v-4eb474b4><div class="wishlist-wrapper" data-v-2ece9c9d><div class="wishlist-banner" style="display:none;" data-v-2ece9c9d><span data-v-2ece9c9d>
            
        </span> <!----></div> <div class="wishlist-icon dense-grid-layout" style="display:none;" data-v-2ece9c9d><span style="display:none;" data-v-2ece9c9d>Add to wishlist</span> <svg version="1.1" viewBox="0 0 16 21" class="icon svg-icon svg-fill" style="width:16px;height:21px;" data-v-2ece9c9d><path fill="#737373" stroke="none" pid="0" d="M7.683 8.068a.658.658 0 00-.929-.001l-2.16 2.161-.848-.849a.657.657 0 00-.928.928L4.13 11.62a.66.66 0 00.928.001l2.625-2.625a.657.657 0 000-.928zm0 5.25a.658.658 0 00-.929-.001l-2.16 2.161-.848-.848a.657.657 0 00-.928.928l1.312 1.313a.654.654 0 00.928 0l2.625-2.625a.657.657 0 000-.928zm4.786-4.13H9.844a.656.656 0 000 1.312h2.625a.656.656 0 000-1.313zm0 5.25H9.844a.656.656 0 000 1.312h2.625a.656.656 0 000-1.313z"/><path fill="#737373" stroke="none" pid="1" d="M14.438 2.625h-2.626v-.656a.656.656 0 00-.656-.657H9.732A1.974 1.974 0 007.875 0C7.019 0 6.29.549 6.018 1.313H4.594a.656.656 0 00-.657.656v.656H1.313C.589 2.625 0 3.215 0 3.938v15.75C0 20.41.59 21 1.313 21h13.124c.724 0 1.313-.59 1.313-1.313V3.938c0-.723-.59-1.312-1.313-1.312zm-9.188 0h1.313a.656.656 0 00.656-.656.656.656 0 011.312 0c0 .362.294.656.656.656H10.5v1.313H5.25V2.625zm9.188 17.063H1.312V3.938h2.625v.656c0 .362.294.656.657.656h6.562a.656.656 0 00.656-.656v-.657h2.626v15.75z"/></svg></div></div> <!----></div> <div class="product-card-event-label-wrapper" data-v-4eb474b4><div class="event-label tiny text-only" data-v-e009e9de data-v-4eb474b4><!----> <div class="event-label-text" data-v-e009e9de><div class="event-label-text-title" data-v-e009e9de>
            Best Seller
        </div> <!----></div></div></div> <div class="product-card-content" data-v-4eb474b4><a href="/us_en/afeltra-100-italian-grain-rigatoni-35-3-oz" class="product-link" data-v-4eb474b4><div class="product-card-image-name-manufacturer" data-v-4eb474b4><div class="product-card-image" data-v-4eb474b4><img width="200" height="200" alt="100% Italian Grain Rigatoni 35.3 oz" src="https://www.eataly.com/media/catalog/product/5/1/512068-100_-italian-grain-rigatoni-35_3-oz-afeltra_thumb_1.jpg" loading="lazy" class="product-image" data-v-4eb474b4> <div class="product-badge product-badge product-badge--discount" data-v-608c9b3f data-v-4eb474b4><span data-v-608c9b3f>Offer -20%</span></div></div> <div class="name-manufacturer" data-v-4eb474b4><div data-test-e2e="product-card-product-name" class="product-card-name" data-v-4eb474b4><span data-v-4eb474b4>
                                    100% Italian Grain Rigatoni 35.3 oz
                                </span></div> <div class="product-card-manufacturer" data-v-4eb474b4><!----> <span data-v-4eb474b4>
                                    Afeltra
                                </span></div> <!----></div></div></a> <div class="product-card-price-add-info" data-v-4eb474b4><!----> <div class="add-info" data-v-4eb474b4><div class="product-card-info" data-v-4eb474b4><div class="item-info" data-v-4eb474b4><div data-v-4eb474b4>$0,40/Oz</div> <div data-v-4eb474b4>35.3 Oz</div></div> <div class="price" data-v-4eb474b4><div class="original-price" data-v-4eb474b4>
                                    $17.49
                                </div> <div class="final-price" data-v-4eb474b4>$13.99</div></div></div> <div class="product-card-add" data-v-4eb474b4><div data-test-e2e="add-to-cart-button" class="button-wrapper add-to-cart-button dense-grid-layout" data-v-1956333b data-v-4eb474b4><div data-test-e2e="add-to-cart-no-items" tabindex="0" role="button" class="button-no-items a11y-focus-standard" data-v-1956333b><!----> <div class="no-items-label dense-grid-layout" data-v-1956333b><svg version="1.1" viewBox="0 0 388 339" class="cart-icon svg-icon svg-fill" style="width:17px;height:15px;" data-v-1956333b><path fill="#fff" stroke="none" pid="0" id="Layer" fill-rule="evenodd" d="M128.11 224.12c-2.84 0-5.57 1.13-7.58 3.14a10.726 10.726 0 00-3.14 7.58c0 2.84 1.13 5.57 3.14 7.58 2.01 2.01 4.74 3.14 7.58 3.14h196.36c2.84 0 5.57 1.13 7.58 3.14 2.01 2.01 3.14 4.74 3.14 7.58s-1.13 5.57-3.14 7.58a10.726 10.726 0 01-7.58 3.14H128.11c-7.45.11-14.71-2.38-20.53-7.04a32.081 32.081 0 01-11.36-18.5 32.04 32.04 0 013-21.49c3.46-6.6 9.12-11.79 15.99-14.68-2.05-9.14-37.73-168.1-39.1-174.22H19.8c-2.84 0-5.57-1.13-7.58-3.14a10.726 10.726 0 01-3.14-7.58c0-2.84 1.13-5.57 3.14-7.58 2.01-2.01 4.74-3.14 7.58-3.14h65c1.22-.01 2.42.19 3.57.59 1.15.4 2.23.99 3.18 1.74.96.76 1.77 1.67 2.42 2.7.65 1.02 1.13 2.15 1.4 3.34l7.74 34.52h264.67a10.708 10.708 0 014.82 1.12c.75.37 1.46.83 2.1 1.36.64.53 1.22 1.13 1.73 1.79.5.66.93 1.37 1.26 2.13.34.75.59 1.55.74 2.36a10.555 10.555 0 01-.24 4.91l-43.31 150.13c-.33 1.12-.83 2.17-1.5 3.13-.66.95-1.48 1.8-2.41 2.49-.93.7-1.97 1.24-3.08 1.6-1.1.37-2.26.55-3.42.55H128.08l.03.03zm8.69-22.48h179.5L353.43 73H107.92l28.88 128.64z" fill="#000"/><path fill="#fff" stroke="none" pid="1" id="Layer" fill-rule="evenodd" d="M178.07 298.32c0 17.74-14.21 32.17-31.68 32.17s-31.68-14.43-31.68-32.17c0-17.74 14.21-32.17 31.68-32.17s31.68 14.43 31.68 32.17zm-27.98 9.94c1.18-.48 2.25-1.2 3.14-2.1.9-.89 1.62-1.96 2.1-3.14.49-1.17.74-2.43.74-3.7 0-3.92-2.36-7.44-5.98-8.94a9.66 9.66 0 00-10.54 2.1 9.66 9.66 0 00-2.1 10.54 9.672 9.672 0 008.94 5.98c1.27 0 2.53-.25 3.7-.74zM304.69 267c17.47 0 31.67 14.4 31.67 32.14 0 17.74-14.21 32.17-31.68 32.17S273 316.88 273 299.14c0-17.73 14.22-32.14 31.69-32.14zm-.3 22.71a9.7 9.7 0 00-3.68.73 9.534 9.534 0 00-3.12 2.08c-.9.89-1.6 1.95-2.09 3.12a9.7 9.7 0 00-.73 3.68 9.61 9.61 0 005.93 8.88c3.59 1.49 7.73.66 10.48-2.08a9.632 9.632 0 002.08-10.48 9.61 9.61 0 00-8.88-5.93h.01z" fill="#000"/></svg> <span class="cart-icon-text" data-v-1956333b>Add to cart</span></div></div></div></div></div></div></div></div> <div class="product-card-back" data-v-4eb474b4><div class="wishlist-drop-down-wrapper" style="display:none;" data-v-f16d327c data-v-4eb474b4><div class="wishlist-drop-down-banner" data-v-344dcb9e data-v-f16d327c>
    Choose a wishlist
    <svg version="1.1" viewBox="0 0 16 21" class="icon svg-icon svg-fill" style="width:16px;height:21px;" data-v-344dcb9e><path fill="white" stroke="none" pid="0" d="M7.683 8.068a.658.658 0 00-.929-.001l-2.16 2.161-.848-.849a.657.657 0 00-.928.928L4.13 11.62a.66.66 0 00.928.001l2.625-2.625a.657.657 0 000-.928zm0 5.25a.658.658 0 00-.929-.001l-2.16 2.161-.848-.848a.657.657 0 00-.928.928l1.312 1.313a.654.654 0 00.928 0l2.625-2.625a.657.657 0 000-.928zm4.786-4.13H9.844a.656.656 0 000 1.312h2.625a.656.656 0 000-1.313zm0 5.25H9.844a.656.656 0 000 1.312h2.625a.656.656 0 000-1.313z"/><path fill="white" stroke="none" pid="1" d="M14.438 2.625h-2.626v-.656a.656.656 0 00-.656-.657H9.732A1.974 1.974 0 007.875 0C7.019 0 6.29.549 6.018 1.313H4.594a.656.656 0 00-.657.656v.656H1.313C.589 2.625 0 3.215 0 3.938v15.75C0 20.41.59 21 1.313 21h13.124c.724 0 1.313-.59 1.313-1.313V3.938c0-.723-.59-1.312-1.313-1.312zm-9.188 0h1.313a.656.656 0 00.656-.656.656.656 0 011.312 0c0 .362.294.656.656.656H10.5v1.313H5.25V2.625zm9.188 17.063H1.312V3.938h2.625v.656c0 .362.294.656.657.656h6.562a.656.656 0 00.656-.656v-.657h2.626v15.75z"/></svg> <div class="closing-icon" style="display:none;" data-v-344dcb9e><svg version="1.1" viewBox="0 0 18 18" class="remove-icon svg-icon svg-fill" style="width:10px;height:10px;" data-v-344dcb9e><path fill="#fff" stroke="none" pid="0" fill="#333" d="M17.755 1.814A.699.699 0 0018 1.273a.738.738 0 00-.245-.554.803.803 0 00-.573-.219.855.855 0 00-.587.219L9 7.905 1.39.719A.797.797 0 00.818.5a.855.855 0 00-.586.219.758.758 0 00-.232.554c0 .213.077.394.232.54L7.841 9l-7.61 7.173a.761.761 0 00-.231.554c0 .214.077.394.232.541.165.155.36.232.586.232a.78.78 0 00.573-.232L9 10.095l7.595 7.173c.165.155.36.232.587.232a.781.781 0 00.573-.232.697.697 0 00.245-.54c0-.215-.081-.4-.245-.555L10.159 9l7.596-7.186z" fill-rule="evenodd"/></svg></div></div> <div class="wishlist-item-wrapper" data-v-b9033f4a data-v-f16d327c><div class="scroll" data-v-b9033f4a><div data-v-9444bd58 data-v-b9033f4a></div> <!----></div> <div class="wishlist-dropdown-link" data-v-b9033f4a><div data-v-697dda27 data-v-b9033f4a><div class="wishlist-link" data-v-697dda27><a data-v-697dda27>Create new wishlist</a></div> <div class="wishlist-link" data-v-697dda27><a data-v-697dda27>Manage wishlists</a></div></div></div></div></div></div></div></div></div></div></div> <div class="swiper-container-desktop" data-v-6dc1bbe5><div class="swiper-wrapper cms-product-cards-carousel cms-product-cards-carousel--has-pagination" data-v-6dc1bbe5><div class="swiper-slide cms-product-cards-carousel-slide" data-v-6dc1bbe5><div class="product-card-container" data-v-4eb474b4 data-v-6dc1bbe5><div class="product-card-wrapper" data-v-4eb474b4><div class="product-card" data-v-4eb474b4><div data-v-4eb474b4><div class="wishlist-wrapper" data-v-2ece9c9d><div class="wishlist-banner" style="display:none;" data-v-2ece9c9d><span data-v-2ece9c9d>
            
        </span> <!----></div> <div class="wishlist-icon dense-grid-layout" style="display:none;" data-v-2ece9c9d><span style="display:none;" data-v-2ece9c9d>Add to wishlist</span> <svg version="1.1" viewBox="0 0 16 21" class="icon svg-icon svg-fill" style="width:16px;height:21px;" data-v-2ece9c9d><path fill="#737373" stroke="none" pid="0" d="M7.683 8.068a.658.658 0 00-.929-.001l-2.16 2.161-.848-.849a.657.657 0 00-.928.928L4.13 11.62a.66.66 0 00.928.001l2.625-2.625a.657.657 0 000-.928zm0 5.25a.658.658 0 00-.929-.001l-2.16 2.161-.848-.848a.657.657 0 00-.928.928l1.312 1.313a.654.654 0 00.928 0l2.625-2.625a.657.657 0 000-.928zm4.786-4.13H9.844a.656.656 0 000 1.312h2.625a.656.656 0 000-1.313zm0 5.25H9.844a.656.656 0 000 1.312h2.625a.656.656 0 000-1.313z"/><path fill="#737373" stroke="none" pid="1" d="M14.438 2.625h-2.626v-.656a.656.656 0 00-.656-.657H9.732A1.974 1.974 0 007.875 0C7.019 0 6.29.549 6.018 1.313H4.594a.656.656 0 00-.657.656v.656H1.313C.589 2.625 0 3.215 0 3.938v15.75C0 20.41.59 21 1.313 21h13.124c.724 0 1.313-.59 1.313-1.313V3.938c0-.723-.59-1.312-1.313-1.312zm-9.188 0h1.313a.656.656 0 00.656-.656.656.656 0 011.312 0c0 .362.294.656.656.656H10.5v1.313H5.25V2.625zm9.188 17.063H1.312V3.938h2.625v.656c0 .362.294.656.657.656h6.562a.656.656 0 00.656-.656v-.657h2.626v15.75z"/></svg></div></div> <!----></div> <div class="product-card-event-label-wrapper" data-v-4eb474b4><div class="event-label tiny text-only" data-v-e009e9de data-v-4eb474b4><!----> <div class="event-label-text" data-v-e009e9de><div class="event-label-text-title" data-v-e009e9de>
            Best Seller
        </div> <!----></div></div></div> <div class="product-card-content" data-v-4eb474b4><a href="/us_en/bio-orto-organic-puttanesca-tomato-sauce-19-4-oz" class="product-link" data-v-4eb474b4><div class="product-card-image-name-manufacturer" data-v-4eb474b4><div class="product-card-image" data-v-4eb474b4><img width="200" height="200" alt="Organic Puttanesca Tomato Sauce 19.4 oz" src="https://www.eataly.com/media/catalog/product/1/1/1150816-organic-puttanesca-tomato-sauce-19_4-oz-bio-orto_thumb_1_1.jpg" loading="lazy" class="product-image" data-v-4eb474b4> <!----></div> <div class="name-manufacturer" data-v-4eb474b4><div data-test-e2e="product-card-product-name" class="product-card-name" data-v-4eb474b4><span data-v-4eb474b4>
                                    Organic Puttanesca Tomato Sauce 19.4 oz
                                </span></div> <div class="product-card-manufacturer" data-v-4eb474b4><!----> <span data-v-4eb474b4>
                                    Bio Orto
                                </span></div> <!----></div></div></a> <div class="product-card-price-add-info" data-v-4eb474b4><!----> <div class="add-info" data-v-4eb474b4><div class="product-card-info" data-v-4eb474b4><div class="item-info" data-v-4eb474b4><div data-v-4eb474b4>$0,75/Oz</div> <div data-v-4eb474b4>19.4 Oz</div></div> <div class="price" data-v-4eb474b4><div class="original-price" data-v-4eb474b4>
                                    
                                </div> <div class="final-price" data-v-4eb474b4>$14.49</div></div></div> <div class="product-card-add" data-v-4eb474b4><div data-test-e2e="add-to-cart-button" class="button-wrapper add-to-cart-button dense-grid-layout" data-v-1956333b data-v-4eb474b4><div data-test-e2e="add-to-cart-no-items" tabindex="0" role="button" class="button-no-items a11y-focus-standard" data-v-1956333b><!----> <div class="no-items-label dense-grid-layout" data-v-1956333b><svg version="1.1" viewBox="0 0 388 339" class="cart-icon svg-icon svg-fill" style="width:17px;height:15px;" data-v-1956333b><path fill="#fff" stroke="none" pid="0" id="Layer" fill-rule="evenodd" d="M128.11 224.12c-2.84 0-5.57 1.13-7.58 3.14a10.726 10.726 0 00-3.14 7.58c0 2.84 1.13 5.57 3.14 7.58 2.01 2.01 4.74 3.14 7.58 3.14h196.36c2.84 0 5.57 1.13 7.58 3.14 2.01 2.01 3.14 4.74 3.14 7.58s-1.13 5.57-3.14 7.58a10.726 10.726 0 01-7.58 3.14H128.11c-7.45.11-14.71-2.38-20.53-7.04a32.081 32.081 0 01-11.36-18.5 32.04 32.04 0 013-21.49c3.46-6.6 9.12-11.79 15.99-14.68-2.05-9.14-37.73-168.1-39.1-174.22H19.8c-2.84 0-5.57-1.13-7.58-3.14a10.726 10.726 0 01-3.14-7.58c0-2.84 1.13-5.57 3.14-7.58 2.01-2.01 4.74-3.14 7.58-3.14h65c1.22-.01 2.42.19 3.57.59 1.15.4 2.23.99 3.18 1.74.96.76 1.77 1.67 2.42 2.7.65 1.02 1.13 2.15 1.4 3.34l7.74 34.52h264.67a10.708 10.708 0 014.82 1.12c.75.37 1.46.83 2.1 1.36.64.53 1.22 1.13 1.73 1.79.5.66.93 1.37 1.26 2.13.34.75.59 1.55.74 2.36a10.555 10.555 0 01-.24 4.91l-43.31 150.13c-.33 1.12-.83 2.17-1.5 3.13-.66.95-1.48 1.8-2.41 2.49-.93.7-1.97 1.24-3.08 1.6-1.1.37-2.26.55-3.42.55H128.08l.03.03zm8.69-22.48h179.5L353.43 73H107.92l28.88 128.64z" fill="#000"/><path fill="#fff" stroke="none" pid="1" id="Layer" fill-rule="evenodd" d="M178.07 298.32c0 17.74-14.21 32.17-31.68 32.17s-31.68-14.43-31.68-32.17c0-17.74 14.21-32.17 31.68-32.17s31.68 14.43 31.68 32.17zm-27.98 9.94c1.18-.48 2.25-1.2 3.14-2.1.9-.89 1.62-1.96 2.1-3.14.49-1.17.74-2.43.74-3.7 0-3.92-2.36-7.44-5.98-8.94a9.66 9.66 0 00-10.54 2.1 9.66 9.66 0 00-2.1 10.54 9.672 9.672 0 008.94 5.98c1.27 0 2.53-.25 3.7-.74zM304.69 267c17.47 0 31.67 14.4 31.67 32.14 0 17.74-14.21 32.17-31.68 32.17S273 316.88 273 299.14c0-17.73 14.22-32.14 31.69-32.14zm-.3 22.71a9.7 9.7 0 00-3.68.73 9.534 9.534 0 00-3.12 2.08c-.9.89-1.6 1.95-2.09 3.12a9.7 9.7 0 00-.73 3.68 9.61 9.61 0 005.93 8.88c3.59 1.49 7.73.66 10.48-2.08a9.632 9.632 0 002.08-10.48 9.61 9.61 0 00-8.88-5.93h.01z" fill="#000"/></svg> <span class="cart-icon-text" data-v-1956333b>Add to cart</span></div></div></div></div></div></div></div></div> <div class="product-card-back" data-v-4eb474b4><div class="wishlist-drop-down-wrapper" style="display:none;" data-v-f16d327c data-v-4eb474b4><div class="wishlist-drop-down-banner" data-v-344dcb9e data-v-f16d327c>
    Choose a wishlist
    <svg version="1.1" viewBox="0 0 16 21" class="icon svg-icon svg-fill" style="width:16px;height:21px;" data-v-344dcb9e><path fill="white" stroke="none" pid="0" d="M7.683 8.068a.658.658 0 00-.929-.001l-2.16 2.161-.848-.849a.657.657 0 00-.928.928L4.13 11.62a.66.66 0 00.928.001l2.625-2.625a.657.657 0 000-.928zm0 5.25a.658.658 0 00-.929-.001l-2.16 2.161-.848-.848a.657.657 0 00-.928.928l1.312 1.313a.654.654 0 00.928 0l2.625-2.625a.657.657 0 000-.928zm4.786-4.13H9.844a.656.656 0 000 1.312h2.625a.656.656 0 000-1.313zm0 5.25H9.844a.656.656 0 000 1.312h2.625a.656.656 0 000-1.313z"/><path fill="white" stroke="none" pid="1" d="M14.438 2.625h-2.626v-.656a.656.656 0 00-.656-.657H9.732A1.974 1.974 0 007.875 0C7.019 0 6.29.549 6.018 1.313H4.594a.656.656 0 00-.657.656v.656H1.313C.589 2.625 0 3.215 0 3.938v15.75C0 20.41.59 21 1.313 21h13.124c.724 0 1.313-.59 1.313-1.313V3.938c0-.723-.59-1.312-1.313-1.312zm-9.188 0h1.313a.656.656 0 00.656-.656.656.656 0 011.312 0c0 .362.294.656.656.656H10.5v1.313H5.25V2.625zm9.188 17.063H1.312V3.938h2.625v.656c0 .362.294.656.657.656h6.562a.656.656 0 00.656-.656v-.657h2.626v15.75z"/></svg> <div class="closing-icon" style="display:none;" data-v-344dcb9e><svg version="1.1" viewBox="0 0 18 18" class="remove-icon svg-icon svg-fill" style="width:10px;height:10px;" data-v-344dcb9e><path fill="#fff" stroke="none" pid="0" fill="#333" d="M17.755 1.814A.699.699 0 0018 1.273a.738.738 0 00-.245-.554.803.803 0 00-.573-.219.855.855 0 00-.587.219L9 7.905 1.39.719A.797.797 0 00.818.5a.855.855 0 00-.586.219.758.758 0 00-.232.554c0 .213.077.394.232.54L7.841 9l-7.61 7.173a.761.761 0 00-.231.554c0 .214.077.394.232.541.165.155.36.232.586.232a.78.78 0 00.573-.232L9 10.095l7.595 7.173c.165.155.36.232.587.232a.781.781 0 00.573-.232.697.697 0 00.245-.54c0-.215-.081-.4-.245-.555L10.159 9l7.596-7.186z" fill-rule="evenodd"/></svg></div></div> <div class="wishlist-item-wrapper" data-v-b9033f4a data-v-f16d327c><div class="scroll" data-v-b9033f4a><div data-v-9444bd58 data-v-b9033f4a></div> <!----></div> <div class="wishlist-dropdown-link" data-v-b9033f4a><div data-v-697dda27 data-v-b9033f4a><div class="wishlist-link" data-v-697dda27><a data-v-697dda27>Create new wishlist</a></div> <div class="wishlist-link" data-v-697dda27><a data-v-697dda27>Manage wishlists</a></div></div></div></div></div></div></div></div></div><div class="swiper-slide cms-product-cards-carousel-slide" data-v-6dc1bbe5><div class="product-card-container" data-v-4eb474b4 data-v-6dc1bbe5><div class="product-card-wrapper" data-v-4eb474b4><div class="product-card" data-v-4eb474b4><div data-v-4eb474b4><div class="wishlist-wrapper" data-v-2ece9c9d><div class="wishlist-banner" style="display:none;" data-v-2ece9c9d><span data-v-2ece9c9d>
            
        </span> <!----></div> <div class="wishlist-icon dense-grid-layout" style="display:none;" data-v-2ece9c9d><span style="display:none;" data-v-2ece9c9d>Add to wishlist</span> <svg version="1.1" viewBox="0 0 16 21" class="icon svg-icon svg-fill" style="width:16px;height:21px;" data-v-2ece9c9d><path fill="#737373" stroke="none" pid="0" d="M7.683 8.068a.658.658 0 00-.929-.001l-2.16 2.161-.848-.849a.657.657 0 00-.928.928L4.13 11.62a.66.66 0 00.928.001l2.625-2.625a.657.657 0 000-.928zm0 5.25a.658.658 0 00-.929-.001l-2.16 2.161-.848-.848a.657.657 0 00-.928.928l1.312 1.313a.654.654 0 00.928 0l2.625-2.625a.657.657 0 000-.928zm4.786-4.13H9.844a.656.656 0 000 1.312h2.625a.656.656 0 000-1.313zm0 5.25H9.844a.656.656 0 000 1.312h2.625a.656.656 0 000-1.313z"/><path fill="#737373" stroke="none" pid="1" d="M14.438 2.625h-2.626v-.656a.656.656 0 00-.656-.657H9.732A1.974 1.974 0 007.875 0C7.019 0 6.29.549 6.018 1.313H4.594a.656.656 0 00-.657.656v.656H1.313C.589 2.625 0 3.215 0 3.938v15.75C0 20.41.59 21 1.313 21h13.124c.724 0 1.313-.59 1.313-1.313V3.938c0-.723-.59-1.312-1.313-1.312zm-9.188 0h1.313a.656.656 0 00.656-.656.656.656 0 011.312 0c0 .362.294.656.656.656H10.5v1.313H5.25V2.625zm9.188 17.063H1.312V3.938h2.625v.656c0 .362.294.656.657.656h6.562a.656.656 0 00.656-.656v-.657h2.626v15.75z"/></svg></div></div> <!----></div> <div class="product-card-event-label-wrapper" data-v-4eb474b4><div class="event-label tiny text-only" data-v-e009e9de data-v-4eb474b4><!----> <div class="event-label-text" data-v-e009e9de><div class="event-label-text-title" data-v-e009e9de>
            Best Seller
        </div> <!----></div></div></div> <div class="product-card-content" data-v-4eb474b4><a href="/us_en/scyavuru-crunchy-pistachio-spread-7-oz" class="product-link" data-v-4eb474b4><div class="product-card-image-name-manufacturer" data-v-4eb474b4><div class="product-card-image" data-v-4eb474b4><img width="200" height="200" alt="Crunchy Pistachio Spread 7 oz" src="https://www.eataly.com/media/catalog/product/1/1/1152441-crunchy-pistachio-cream-7-oz-scyavuru_thumb_1_1.jpg" loading="lazy" class="product-image" data-v-4eb474b4> <div class="product-badge product-badge product-badge--discount" data-v-608c9b3f data-v-4eb474b4><span data-v-608c9b3f>Offer -20%</span></div></div> <div class="name-manufacturer" data-v-4eb474b4><div data-test-e2e="product-card-product-name" class="product-card-name" data-v-4eb474b4><span data-v-4eb474b4>
                                    Crunchy Pistachio Spread 7 oz
                                </span></div> <div class="product-card-manufacturer" data-v-4eb474b4><!----> <span data-v-4eb474b4>
                                    Scyavuru
                                </span></div> <!----></div></div></a> <div class="product-card-price-add-info" data-v-4eb474b4><!----> <div class="add-info" data-v-4eb474b4><div class="product-card-info" data-v-4eb474b4><div class="item-info" data-v-4eb474b4><div data-v-4eb474b4>$2,34/Oz</div> <div data-v-4eb474b4>7 Oz</div></div> <div class="price" data-v-4eb474b4><div class="original-price" data-v-4eb474b4>
                                    $20.49
                                </div> <div class="final-price" data-v-4eb474b4>$16.39</div></div></div> <div class="product-card-add" data-v-4eb474b4><div data-test-e2e="add-to-cart-button" class="button-wrapper add-to-cart-button dense-grid-layout" data-v-1956333b data-v-4eb474b4><div data-test-e2e="add-to-cart-no-items" tabindex="0" role="button" class="button-no-items a11y-focus-standard" data-v-1956333b><!----> <div class="no-items-label dense-grid-layout" data-v-1956333b><svg version="1.1" viewBox="0 0 388 339" class="cart-icon svg-icon svg-fill" style="width:17px;height:15px;" data-v-1956333b><path fill="#fff" stroke="none" pid="0" id="Layer" fill-rule="evenodd" d="M128.11 224.12c-2.84 0-5.57 1.13-7.58 3.14a10.726 10.726 0 00-3.14 7.58c0 2.84 1.13 5.57 3.14 7.58 2.01 2.01 4.74 3.14 7.58 3.14h196.36c2.84 0 5.57 1.13 7.58 3.14 2.01 2.01 3.14 4.74 3.14 7.58s-1.13 5.57-3.14 7.58a10.726 10.726 0 01-7.58 3.14H128.11c-7.45.11-14.71-2.38-20.53-7.04a32.081 32.081 0 01-11.36-18.5 32.04 32.04 0 013-21.49c3.46-6.6 9.12-11.79 15.99-14.68-2.05-9.14-37.73-168.1-39.1-174.22H19.8c-2.84 0-5.57-1.13-7.58-3.14a10.726 10.726 0 01-3.14-7.58c0-2.84 1.13-5.57 3.14-7.58 2.01-2.01 4.74-3.14 7.58-3.14h65c1.22-.01 2.42.19 3.57.59 1.15.4 2.23.99 3.18 1.74.96.76 1.77 1.67 2.42 2.7.65 1.02 1.13 2.15 1.4 3.34l7.74 34.52h264.67a10.708 10.708 0 014.82 1.12c.75.37 1.46.83 2.1 1.36.64.53 1.22 1.13 1.73 1.79.5.66.93 1.37 1.26 2.13.34.75.59 1.55.74 2.36a10.555 10.555 0 01-.24 4.91l-43.31 150.13c-.33 1.12-.83 2.17-1.5 3.13-.66.95-1.48 1.8-2.41 2.49-.93.7-1.97 1.24-3.08 1.6-1.1.37-2.26.55-3.42.55H128.08l.03.03zm8.69-22.48h179.5L353.43 73H107.92l28.88 128.64z" fill="#000"/><path fill="#fff" stroke="none" pid="1" id="Layer" fill-rule="evenodd" d="M178.07 298.32c0 17.74-14.21 32.17-31.68 32.17s-31.68-14.43-31.68-32.17c0-17.74 14.21-32.17 31.68-32.17s31.68 14.43 31.68 32.17zm-27.98 9.94c1.18-.48 2.25-1.2 3.14-2.1.9-.89 1.62-1.96 2.1-3.14.49-1.17.74-2.43.74-3.7 0-3.92-2.36-7.44-5.98-8.94a9.66 9.66 0 00-10.54 2.1 9.66 9.66 0 00-2.1 10.54 9.672 9.672 0 008.94 5.98c1.27 0 2.53-.25 3.7-.74zM304.69 267c17.47 0 31.67 14.4 31.67 32.14 0 17.74-14.21 32.17-31.68 32.17S273 316.88 273 299.14c0-17.73 14.22-32.14 31.69-32.14zm-.3 22.71a9.7 9.7 0 00-3.68.73 9.534 9.534 0 00-3.12 2.08c-.9.89-1.6 1.95-2.09 3.12a9.7 9.7 0 00-.73 3.68 9.61 9.61 0 005.93 8.88c3.59 1.49 7.73.66 10.48-2.08a9.632 9.632 0 002.08-10.48 9.61 9.61 0 00-8.88-5.93h.01z" fill="#000"/></svg> <span class="cart-icon-text" data-v-1956333b>Add to cart</span></div></div></div></div></div></div></div></div> <div class="product-card-back" data-v-4eb474b4><div class="wishlist-drop-down-wrapper" style="display:none;" data-v-f16d327c data-v-4eb474b4><div class="wishlist-drop-down-banner" data-v-344dcb9e data-v-f16d327c>
    Choose a wishlist
    <svg version="1.1" viewBox="0 0 16 21" class="icon svg-icon svg-fill" style="width:16px;height:21px;" data-v-344dcb9e><path fill="white" stroke="none" pid="0" d="M7.683 8.068a.658.658 0 00-.929-.001l-2.16 2.161-.848-.849a.657.657 0 00-.928.928L4.13 11.62a.66.66 0 00.928.001l2.625-2.625a.657.657 0 000-.928zm0 5.25a.658.658 0 00-.929-.001l-2.16 2.161-.848-.848a.657.657 0 00-.928.928l1.312 1.313a.654.654 0 00.928 0l2.625-2.625a.657.657 0 000-.928zm4.786-4.13H9.844a.656.656 0 000 1.312h2.625a.656.656 0 000-1.313zm0 5.25H9.844a.656.656 0 000 1.312h2.625a.656.656 0 000-1.313z"/><path fill="white" stroke="none" pid="1" d="M14.438 2.625h-2.626v-.656a.656.656 0 00-.656-.657H9.732A1.974 1.974 0 007.875 0C7.019 0 6.29.549 6.018 1.313H4.594a.656.656 0 00-.657.656v.656H1.313C.589 2.625 0 3.215 0 3.938v15.75C0 20.41.59 21 1.313 21h13.124c.724 0 1.313-.59 1.313-1.313V3.938c0-.723-.59-1.312-1.313-1.312zm-9.188 0h1.313a.656.656 0 00.656-.656.656.656 0 011.312 0c0 .362.294.656.656.656H10.5v1.313H5.25V2.625zm9.188 17.063H1.312V3.938h2.625v.656c0 .362.294.656.657.656h6.562a.656.656 0 00.656-.656v-.657h2.626v15.75z"/></svg> <div class="closing-icon" style="display:none;" data-v-344dcb9e><svg version="1.1" viewBox="0 0 18 18" class="remove-icon svg-icon svg-fill" style="width:10px;height:10px;" data-v-344dcb9e><path fill="#fff" stroke="none" pid="0" fill="#333" d="M17.755 1.814A.699.699 0 0018 1.273a.738.738 0 00-.245-.554.803.803 0 00-.573-.219.855.855 0 00-.587.219L9 7.905 1.39.719A.797.797 0 00.818.5a.855.855 0 00-.586.219.758.758 0 00-.232.554c0 .213.077.394.232.54L7.841 9l-7.61 7.173a.761.761 0 00-.231.554c0 .214.077.394.232.541.165.155.36.232.586.232a.78.78 0 00.573-.232L9 10.095l7.595 7.173c.165.155.36.232.587.232a.781.781 0 00.573-.232.697.697 0 00.245-.54c0-.215-.081-.4-.245-.555L10.159 9l7.596-7.186z" fill-rule="evenodd"/></svg></div></div> <div class="wishlist-item-wrapper" data-v-b9033f4a data-v-f16d327c><div class="scroll" data-v-b9033f4a><div data-v-9444bd58 data-v-b9033f4a></div> <!----></div> <div class="wishlist-dropdown-link" data-v-b9033f4a><div data-v-697dda27 data-v-b9033f4a><div class="wishlist-link" data-v-697dda27><a data-v-697dda27>Create new wishlist</a></div> <div class="wishlist-link" data-v-697dda27><a data-v-697dda27>Manage wishlists</a></div></div></div></div></div></div></div></div></div><div class="swiper-slide cms-product-cards-carousel-slide" data-v-6dc1bbe5><div class="product-card-container" data-v-4eb474b4 data-v-6dc1bbe5><div class="product-card-wrapper" data-v-4eb474b4><div class="product-card" data-v-4eb474b4><div data-v-4eb474b4><div class="wishlist-wrapper" data-v-2ece9c9d><div class="wishlist-banner" style="display:none;" data-v-2ece9c9d><span data-v-2ece9c9d>
            
        </span> <!----></div> <div class="wishlist-icon dense-grid-layout" style="display:none;" data-v-2ece9c9d><span style="display:none;" data-v-2ece9c9d>Add to wishlist</span> <svg version="1.1" viewBox="0 0 16 21" class="icon svg-icon svg-fill" style="width:16px;height:21px;" data-v-2ece9c9d><path fill="#737373" stroke="none" pid="0" d="M7.683 8.068a.658.658 0 00-.929-.001l-2.16 2.161-.848-.849a.657.657 0 00-.928.928L4.13 11.62a.66.66 0 00.928.001l2.625-2.625a.657.657 0 000-.928zm0 5.25a.658.658 0 00-.929-.001l-2.16 2.161-.848-.848a.657.657 0 00-.928.928l1.312 1.313a.654.654 0 00.928 0l2.625-2.625a.657.657 0 000-.928zm4.786-4.13H9.844a.656.656 0 000 1.312h2.625a.656.656 0 000-1.313zm0 5.25H9.844a.656.656 0 000 1.312h2.625a.656.656 0 000-1.313z"/><path fill="#737373" stroke="none" pid="1" d="M14.438 2.625h-2.626v-.656a.656.656 0 00-.656-.657H9.732A1.974 1.974 0 007.875 0C7.019 0 6.29.549 6.018 1.313H4.594a.656.656 0 00-.657.656v.656H1.313C.589 2.625 0 3.215 0 3.938v15.75C0 20.41.59 21 1.313 21h13.124c.724 0 1.313-.59 1.313-1.313V3.938c0-.723-.59-1.312-1.313-1.312zm-9.188 0h1.313a.656.656 0 00.656-.656.656.656 0 011.312 0c0 .362.294.656.656.656H10.5v1.313H5.25V2.625zm9.188 17.063H1.312V3.938h2.625v.656c0 .362.294.656.657.656h6.562a.656.656 0 00.656-.656v-.657h2.626v15.75z"/></svg></div></div> <!----></div> <div class="product-card-event-label-wrapper" data-v-4eb474b4><!----></div> <div class="product-card-content" data-v-4eb474b4><a href="/us_en/frantoio-franci-villa-magra-extra-virgin-olive-oil-16-9-oz" class="product-link" data-v-4eb474b4><div class="product-card-image-name-manufacturer" data-v-4eb474b4><div class="product-card-image" data-v-4eb474b4><img width="200" height="200" alt="Villa Magra Extra Virgin Olive Oil 16.9 oz" src="https://www.eataly.com/media/catalog/product/5/0/500214-villa-magra-extra-virgin-olive-oil-16_9-oz-frantoio-franci_thumb_1_1.jpg" loading="lazy" class="product-image" data-v-4eb474b4> <div class="product-badge product-badge product-badge--discount" data-v-608c9b3f data-v-4eb474b4><span data-v-608c9b3f>Offer -20%</span></div></div> <div class="name-manufacturer" data-v-4eb474b4><div data-test-e2e="product-card-product-name" class="product-card-name" data-v-4eb474b4><span data-v-4eb474b4>
                                    Villa Magra Extra Virgin Olive Oil 16.9 oz
                                </span></div> <div class="product-card-manufacturer" data-v-4eb474b4><!----> <span data-v-4eb474b4>
                                    Frantoio Franci
                                </span></div> <!----></div></div></a> <div class="product-card-price-add-info" data-v-4eb474b4><!----> <div class="add-info" data-v-4eb474b4><div class="product-card-info" data-v-4eb474b4><div class="item-info" data-v-4eb474b4><div data-v-4eb474b4>$2,56/Fl Oz</div> <div data-v-4eb474b4>16.9 Fl Oz</div></div> <div class="price" data-v-4eb474b4><div class="original-price" data-v-4eb474b4>
                                    $53.99
                                </div> <div class="final-price" data-v-4eb474b4>$43.19</div></div></div> <div class="product-card-add" data-v-4eb474b4><div data-test-e2e="add-to-cart-button" class="button-wrapper add-to-cart-button dense-grid-layout" data-v-1956333b data-v-4eb474b4><div data-test-e2e="add-to-cart-no-items" tabindex="0" role="button" class="button-no-items a11y-focus-standard" data-v-1956333b><!----> <div class="no-items-label dense-grid-layout" data-v-1956333b><svg version="1.1" viewBox="0 0 388 339" class="cart-icon svg-icon svg-fill" style="width:17px;height:15px;" data-v-1956333b><path fill="#fff" stroke="none" pid="0" id="Layer" fill-rule="evenodd" d="M128.11 224.12c-2.84 0-5.57 1.13-7.58 3.14a10.726 10.726 0 00-3.14 7.58c0 2.84 1.13 5.57 3.14 7.58 2.01 2.01 4.74 3.14 7.58 3.14h196.36c2.84 0 5.57 1.13 7.58 3.14 2.01 2.01 3.14 4.74 3.14 7.58s-1.13 5.57-3.14 7.58a10.726 10.726 0 01-7.58 3.14H128.11c-7.45.11-14.71-2.38-20.53-7.04a32.081 32.081 0 01-11.36-18.5 32.04 32.04 0 013-21.49c3.46-6.6 9.12-11.79 15.99-14.68-2.05-9.14-37.73-168.1-39.1-174.22H19.8c-2.84 0-5.57-1.13-7.58-3.14a10.726 10.726 0 01-3.14-7.58c0-2.84 1.13-5.57 3.14-7.58 2.01-2.01 4.74-3.14 7.58-3.14h65c1.22-.01 2.42.19 3.57.59 1.15.4 2.23.99 3.18 1.74.96.76 1.77 1.67 2.42 2.7.65 1.02 1.13 2.15 1.4 3.34l7.74 34.52h264.67a10.708 10.708 0 014.82 1.12c.75.37 1.46.83 2.1 1.36.64.53 1.22 1.13 1.73 1.79.5.66.93 1.37 1.26 2.13.34.75.59 1.55.74 2.36a10.555 10.555 0 01-.24 4.91l-43.31 150.13c-.33 1.12-.83 2.17-1.5 3.13-.66.95-1.48 1.8-2.41 2.49-.93.7-1.97 1.24-3.08 1.6-1.1.37-2.26.55-3.42.55H128.08l.03.03zm8.69-22.48h179.5L353.43 73H107.92l28.88 128.64z" fill="#000"/><path fill="#fff" stroke="none" pid="1" id="Layer" fill-rule="evenodd" d="M178.07 298.32c0 17.74-14.21 32.17-31.68 32.17s-31.68-14.43-31.68-32.17c0-17.74 14.21-32.17 31.68-32.17s31.68 14.43 31.68 32.17zm-27.98 9.94c1.18-.48 2.25-1.2 3.14-2.1.9-.89 1.62-1.96 2.1-3.14.49-1.17.74-2.43.74-3.7 0-3.92-2.36-7.44-5.98-8.94a9.66 9.66 0 00-10.54 2.1 9.66 9.66 0 00-2.1 10.54 9.672 9.672 0 008.94 5.98c1.27 0 2.53-.25 3.7-.74zM304.69 267c17.47 0 31.67 14.4 31.67 32.14 0 17.74-14.21 32.17-31.68 32.17S273 316.88 273 299.14c0-17.73 14.22-32.14 31.69-32.14zm-.3 22.71a9.7 9.7 0 00-3.68.73 9.534 9.534 0 00-3.12 2.08c-.9.89-1.6 1.95-2.09 3.12a9.7 9.7 0 00-.73 3.68 9.61 9.61 0 005.93 8.88c3.59 1.49 7.73.66 10.48-2.08a9.632 9.632 0 002.08-10.48 9.61 9.61 0 00-8.88-5.93h.01z" fill="#000"/></svg> <span class="cart-icon-text" data-v-1956333b>Add to cart</span></div></div></div></div></div></div></div></div> <div class="product-card-back" data-v-4eb474b4><div class="wishlist-drop-down-wrapper" style="display:none;" data-v-f16d327c data-v-4eb474b4><div class="wishlist-drop-down-banner" data-v-344dcb9e data-v-f16d327c>
    Choose a wishlist
    <svg version="1.1" viewBox="0 0 16 21" class="icon svg-icon svg-fill" style="width:16px;height:21px;" data-v-344dcb9e><path fill="white" stroke="none" pid="0" d="M7.683 8.068a.658.658 0 00-.929-.001l-2.16 2.161-.848-.849a.657.657 0 00-.928.928L4.13 11.62a.66.66 0 00.928.001l2.625-2.625a.657.657 0 000-.928zm0 5.25a.658.658 0 00-.929-.001l-2.16 2.161-.848-.848a.657.657 0 00-.928.928l1.312 1.313a.654.654 0 00.928 0l2.625-2.625a.657.657 0 000-.928zm4.786-4.13H9.844a.656.656 0 000 1.312h2.625a.656.656 0 000-1.313zm0 5.25H9.844a.656.656 0 000 1.312h2.625a.656.656 0 000-1.313z"/><path fill="white" stroke="none" pid="1" d="M14.438 2.625h-2.626v-.656a.656.656 0 00-.656-.657H9.732A1.974 1.974 0 007.875 0C7.019 0 6.29.549 6.018 1.313H4.594a.656.656 0 00-.657.656v.656H1.313C.589 2.625 0 3.215 0 3.938v15.75C0 20.41.59 21 1.313 21h13.124c.724 0 1.313-.59 1.313-1.313V3.938c0-.723-.59-1.312-1.313-1.312zm-9.188 0h1.313a.656.656 0 00.656-.656.656.656 0 011.312 0c0 .362.294.656.656.656H10.5v1.313H5.25V2.625zm9.188 17.063H1.312V3.938h2.625v.656c0 .362.294.656.657.656h6.562a.656.656 0 00.656-.656v-.657h2.626v15.75z"/></svg> <div class="closing-icon" style="display:none;" data-v-344dcb9e><svg version="1.1" viewBox="0 0 18 18" class="remove-icon svg-icon svg-fill" style="width:10px;height:10px;" data-v-344dcb9e><path fill="#fff" stroke="none" pid="0" fill="#333" d="M17.755 1.814A.699.699 0 0018 1.273a.738.738 0 00-.245-.554.803.803 0 00-.573-.219.855.855 0 00-.587.219L9 7.905 1.39.719A.797.797 0 00.818.5a.855.855 0 00-.586.219.758.758 0 00-.232.554c0 .213.077.394.232.54L7.841 9l-7.61 7.173a.761.761 0 00-.231.554c0 .214.077.394.232.541.165.155.36.232.586.232a.78.78 0 00.573-.232L9 10.095l7.595 7.173c.165.155.36.232.587.232a.781.781 0 00.573-.232.697.697 0 00.245-.54c0-.215-.081-.4-.245-.555L10.159 9l7.596-7.186z" fill-rule="evenodd"/></svg></div></div> <div class="wishlist-item-wrapper" data-v-b9033f4a data-v-f16d327c><div class="scroll" data-v-b9033f4a><div data-v-9444bd58 data-v-b9033f4a></div> <!----></div> <div class="wishlist-dropdown-link" data-v-b9033f4a><div data-v-697dda27 data-v-b9033f4a><div class="wishlist-link" data-v-697dda27><a data-v-697dda27>Create new wishlist</a></div> <div class="wishlist-link" data-v-697dda27><a data-v-697dda27>Manage wishlists</a></div></div></div></div></div></div></div></div></div><div class="swiper-slide cms-product-cards-carousel-slide" data-v-6dc1bbe5><div class="product-card-container" data-v-4eb474b4 data-v-6dc1bbe5><div class="product-card-wrapper" data-v-4eb474b4><div class="product-card" data-v-4eb474b4><div data-v-4eb474b4><div class="wishlist-wrapper" data-v-2ece9c9d><div class="wishlist-banner" style="display:none;" data-v-2ece9c9d><span data-v-2ece9c9d>
            
        </span> <!----></div> <div class="wishlist-icon dense-grid-layout" style="display:none;" data-v-2ece9c9d><span style="display:none;" data-v-2ece9c9d>Add to wishlist</span> <svg version="1.1" viewBox="0 0 16 21" class="icon svg-icon svg-fill" style="width:16px;height:21px;" data-v-2ece9c9d><path fill="#737373" stroke="none" pid="0" d="M7.683 8.068a.658.658 0 00-.929-.001l-2.16 2.161-.848-.849a.657.657 0 00-.928.928L4.13 11.62a.66.66 0 00.928.001l2.625-2.625a.657.657 0 000-.928zm0 5.25a.658.658 0 00-.929-.001l-2.16 2.161-.848-.848a.657.657 0 00-.928.928l1.312 1.313a.654.654 0 00.928 0l2.625-2.625a.657.657 0 000-.928zm4.786-4.13H9.844a.656.656 0 000 1.312h2.625a.656.656 0 000-1.313zm0 5.25H9.844a.656.656 0 000 1.312h2.625a.656.656 0 000-1.313z"/><path fill="#737373" stroke="none" pid="1" d="M14.438 2.625h-2.626v-.656a.656.656 0 00-.656-.657H9.732A1.974 1.974 0 007.875 0C7.019 0 6.29.549 6.018 1.313H4.594a.656.656 0 00-.657.656v.656H1.313C.589 2.625 0 3.215 0 3.938v15.75C0 20.41.59 21 1.313 21h13.124c.724 0 1.313-.59 1.313-1.313V3.938c0-.723-.59-1.312-1.313-1.312zm-9.188 0h1.313a.656.656 0 00.656-.656.656.656 0 011.312 0c0 .362.294.656.656.656H10.5v1.313H5.25V2.625zm9.188 17.063H1.312V3.938h2.625v.656c0 .362.294.656.657.656h6.562a.656.656 0 00.656-.656v-.657h2.626v15.75z"/></svg></div></div> <!----></div> <div class="product-card-event-label-wrapper" data-v-4eb474b4><!----></div> <div class="product-card-content" data-v-4eb474b4><a href="/us_en/frantoi-cutrera-riserva-tonda-iblea-extra-virgin-olive-oil-16-9-oz" class="product-link" data-v-4eb474b4><div class="product-card-image-name-manufacturer" data-v-4eb474b4><div class="product-card-image" data-v-4eb474b4><img width="200" height="200" alt="Riserva Tonda Iblea Extra Virgin Olive Oil 16.9 oz" src="https://www.eataly.com/media/catalog/product/5/1/510610-riserva-tonda-iblea-extra-virgin-olive-oil-16_9-oz-frantoi-cutrera_thumb_1_1.jpg" loading="lazy" class="product-image" data-v-4eb474b4> <div class="product-badge product-badge product-badge--discount" data-v-608c9b3f data-v-4eb474b4><span data-v-608c9b3f>Offer -20%</span></div></div> <div class="name-manufacturer" data-v-4eb474b4><div data-test-e2e="product-card-product-name" class="product-card-name" data-v-4eb474b4><span data-v-4eb474b4>
                                    Riserva Tonda Iblea Extra Virgin Olive Oil 16.9 oz
                                </span></div> <div class="product-card-manufacturer" data-v-4eb474b4><!----> <span data-v-4eb474b4>
                                    Frantoi Cutrera
                                </span></div> <!----></div></div></a> <div class="product-card-price-add-info" data-v-4eb474b4><!----> <div class="add-info" data-v-4eb474b4><div class="product-card-info" data-v-4eb474b4><div class="item-info" data-v-4eb474b4><div data-v-4eb474b4>$2,56/Fl Oz</div> <div data-v-4eb474b4>16.9 Fl Oz</div></div> <div class="price" data-v-4eb474b4><div class="original-price" data-v-4eb474b4>
                                    $53.99
                                </div> <div class="final-price" data-v-4eb474b4>$43.19</div></div></div> <div class="product-card-add" data-v-4eb474b4><div data-test-e2e="add-to-cart-button" class="button-wrapper add-to-cart-button dense-grid-layout" data-v-1956333b data-v-4eb474b4><div data-test-e2e="add-to-cart-no-items" tabindex="0" role="button" class="button-no-items a11y-focus-standard" data-v-1956333b><!----> <div class="no-items-label dense-grid-layout" data-v-1956333b><svg version="1.1" viewBox="0 0 388 339" class="cart-icon svg-icon svg-fill" style="width:17px;height:15px;" data-v-1956333b><path fill="#fff" stroke="none" pid="0" id="Layer" fill-rule="evenodd" d="M128.11 224.12c-2.84 0-5.57 1.13-7.58 3.14a10.726 10.726 0 00-3.14 7.58c0 2.84 1.13 5.57 3.14 7.58 2.01 2.01 4.74 3.14 7.58 3.14h196.36c2.84 0 5.57 1.13 7.58 3.14 2.01 2.01 3.14 4.74 3.14 7.58s-1.13 5.57-3.14 7.58a10.726 10.726 0 01-7.58 3.14H128.11c-7.45.11-14.71-2.38-20.53-7.04a32.081 32.081 0 01-11.36-18.5 32.04 32.04 0 013-21.49c3.46-6.6 9.12-11.79 15.99-14.68-2.05-9.14-37.73-168.1-39.1-174.22H19.8c-2.84 0-5.57-1.13-7.58-3.14a10.726 10.726 0 01-3.14-7.58c0-2.84 1.13-5.57 3.14-7.58 2.01-2.01 4.74-3.14 7.58-3.14h65c1.22-.01 2.42.19 3.57.59 1.15.4 2.23.99 3.18 1.74.96.76 1.77 1.67 2.42 2.7.65 1.02 1.13 2.15 1.4 3.34l7.74 34.52h264.67a10.708 10.708 0 014.82 1.12c.75.37 1.46.83 2.1 1.36.64.53 1.22 1.13 1.73 1.79.5.66.93 1.37 1.26 2.13.34.75.59 1.55.74 2.36a10.555 10.555 0 01-.24 4.91l-43.31 150.13c-.33 1.12-.83 2.17-1.5 3.13-.66.95-1.48 1.8-2.41 2.49-.93.7-1.97 1.24-3.08 1.6-1.1.37-2.26.55-3.42.55H128.08l.03.03zm8.69-22.48h179.5L353.43 73H107.92l28.88 128.64z" fill="#000"/><path fill="#fff" stroke="none" pid="1" id="Layer" fill-rule="evenodd" d="M178.07 298.32c0 17.74-14.21 32.17-31.68 32.17s-31.68-14.43-31.68-32.17c0-17.74 14.21-32.17 31.68-32.17s31.68 14.43 31.68 32.17zm-27.98 9.94c1.18-.48 2.25-1.2 3.14-2.1.9-.89 1.62-1.96 2.1-3.14.49-1.17.74-2.43.74-3.7 0-3.92-2.36-7.44-5.98-8.94a9.66 9.66 0 00-10.54 2.1 9.66 9.66 0 00-2.1 10.54 9.672 9.672 0 008.94 5.98c1.27 0 2.53-.25 3.7-.74zM304.69 267c17.47 0 31.67 14.4 31.67 32.14 0 17.74-14.21 32.17-31.68 32.17S273 316.88 273 299.14c0-17.73 14.22-32.14 31.69-32.14zm-.3 22.71a9.7 9.7 0 00-3.68.73 9.534 9.534 0 00-3.12 2.08c-.9.89-1.6 1.95-2.09 3.12a9.7 9.7 0 00-.73 3.68 9.61 9.61 0 005.93 8.88c3.59 1.49 7.73.66 10.48-2.08a9.632 9.632 0 002.08-10.48 9.61 9.61 0 00-8.88-5.93h.01z" fill="#000"/></svg> <span class="cart-icon-text" data-v-1956333b>Add to cart</span></div></div></div></div></div></div></div></div> <div class="product-card-back" data-v-4eb474b4><div class="wishlist-drop-down-wrapper" style="display:none;" data-v-f16d327c data-v-4eb474b4><div class="wishlist-drop-down-banner" data-v-344dcb9e data-v-f16d327c>
    Choose a wishlist
    <svg version="1.1" viewBox="0 0 16 21" class="icon svg-icon svg-fill" style="width:16px;height:21px;" data-v-344dcb9e><path fill="white" stroke="none" pid="0" d="M7.683 8.068a.658.658 0 00-.929-.001l-2.16 2.161-.848-.849a.657.657 0 00-.928.928L4.13 11.62a.66.66 0 00.928.001l2.625-2.625a.657.657 0 000-.928zm0 5.25a.658.658 0 00-.929-.001l-2.16 2.161-.848-.848a.657.657 0 00-.928.928l1.312 1.313a.654.654 0 00.928 0l2.625-2.625a.657.657 0 000-.928zm4.786-4.13H9.844a.656.656 0 000 1.312h2.625a.656.656 0 000-1.313zm0 5.25H9.844a.656.656 0 000 1.312h2.625a.656.656 0 000-1.313z"/><path fill="white" stroke="none" pid="1" d="M14.438 2.625h-2.626v-.656a.656.656 0 00-.656-.657H9.732A1.974 1.974 0 007.875 0C7.019 0 6.29.549 6.018 1.313H4.594a.656.656 0 00-.657.656v.656H1.313C.589 2.625 0 3.215 0 3.938v15.75C0 20.41.59 21 1.313 21h13.124c.724 0 1.313-.59 1.313-1.313V3.938c0-.723-.59-1.312-1.313-1.312zm-9.188 0h1.313a.656.656 0 00.656-.656.656.656 0 011.312 0c0 .362.294.656.656.656H10.5v1.313H5.25V2.625zm9.188 17.063H1.312V3.938h2.625v.656c0 .362.294.656.657.656h6.562a.656.656 0 00.656-.656v-.657h2.626v15.75z"/></svg> <div class="closing-icon" style="display:none;" data-v-344dcb9e><svg version="1.1" viewBox="0 0 18 18" class="remove-icon svg-icon svg-fill" style="width:10px;height:10px;" data-v-344dcb9e><path fill="#fff" stroke="none" pid="0" fill="#333" d="M17.755 1.814A.699.699 0 0018 1.273a.738.738 0 00-.245-.554.803.803 0 00-.573-.219.855.855 0 00-.587.219L9 7.905 1.39.719A.797.797 0 00.818.5a.855.855 0 00-.586.219.758.758 0 00-.232.554c0 .213.077.394.232.54L7.841 9l-7.61 7.173a.761.761 0 00-.231.554c0 .214.077.394.232.541.165.155.36.232.586.232a.78.78 0 00.573-.232L9 10.095l7.595 7.173c.165.155.36.232.587.232a.781.781 0 00.573-.232.697.697 0 00.245-.54c0-.215-.081-.4-.245-.555L10.159 9l7.596-7.186z" fill-rule="evenodd"/></svg></div></div> <div class="wishlist-item-wrapper" data-v-b9033f4a data-v-f16d327c><div class="scroll" data-v-b9033f4a><div data-v-9444bd58 data-v-b9033f4a></div> <!----></div> <div class="wishlist-dropdown-link" data-v-b9033f4a><div data-v-697dda27 data-v-b9033f4a><div class="wishlist-link" data-v-697dda27><a data-v-697dda27>Create new wishlist</a></div> <div class="wishlist-link" data-v-697dda27><a data-v-697dda27>Manage wishlists</a></div></div></div></div></div></div></div></div></div><div class="swiper-slide cms-product-cards-carousel-slide" data-v-6dc1bbe5><div class="product-card-container" data-v-4eb474b4 data-v-6dc1bbe5><div class="product-card-wrapper" data-v-4eb474b4><div class="product-card" data-v-4eb474b4><div data-v-4eb474b4><div class="wishlist-wrapper" data-v-2ece9c9d><div class="wishlist-banner" style="display:none;" data-v-2ece9c9d><span data-v-2ece9c9d>
            
        </span> <!----></div> <div class="wishlist-icon dense-grid-layout" style="display:none;" data-v-2ece9c9d><span style="display:none;" data-v-2ece9c9d>Add to wishlist</span> <svg version="1.1" viewBox="0 0 16 21" class="icon svg-icon svg-fill" style="width:16px;height:21px;" data-v-2ece9c9d><path fill="#737373" stroke="none" pid="0" d="M7.683 8.068a.658.658 0 00-.929-.001l-2.16 2.161-.848-.849a.657.657 0 00-.928.928L4.13 11.62a.66.66 0 00.928.001l2.625-2.625a.657.657 0 000-.928zm0 5.25a.658.658 0 00-.929-.001l-2.16 2.161-.848-.848a.657.657 0 00-.928.928l1.312 1.313a.654.654 0 00.928 0l2.625-2.625a.657.657 0 000-.928zm4.786-4.13H9.844a.656.656 0 000 1.312h2.625a.656.656 0 000-1.313zm0 5.25H9.844a.656.656 0 000 1.312h2.625a.656.656 0 000-1.313z"/><path fill="#737373" stroke="none" pid="1" d="M14.438 2.625h-2.626v-.656a.656.656 0 00-.656-.657H9.732A1.974 1.974 0 007.875 0C7.019 0 6.29.549 6.018 1.313H4.594a.656.656 0 00-.657.656v.656H1.313C.589 2.625 0 3.215 0 3.938v15.75C0 20.41.59 21 1.313 21h13.124c.724 0 1.313-.59 1.313-1.313V3.938c0-.723-.59-1.312-1.313-1.312zm-9.188 0h1.313a.656.656 0 00.656-.656.656.656 0 011.312 0c0 .362.294.656.656.656H10.5v1.313H5.25V2.625zm9.188 17.063H1.312V3.938h2.625v.656c0 .362.294.656.657.656h6.562a.656.656 0 00.656-.656v-.657h2.626v15.75z"/></svg></div></div> <!----></div> <div class="product-card-event-label-wrapper" data-v-4eb474b4><!----></div> <div class="product-card-content" data-v-4eb474b4><a href="/us_en/acetomodena-aceto-modena-balsamic-vinegar-of-modena-igp-nero-8-5-oz" class="product-link" data-v-4eb474b4><div class="product-card-image-name-manufacturer" data-v-4eb474b4><div class="product-card-image" data-v-4eb474b4><img width="200" height="200" alt="Aceto Modena Balsamic Vinegar of Modena IGP 'Nero' 8.5 oz" src="https://www.eataly.com/media/catalog/product/5/0/507540-aceto-modena-balsamic-vinegar-of-modena-igp-_nero_-8_45-oz-acetomodena_thumb_1.jpg" loading="lazy" class="product-image" data-v-4eb474b4> <div class="product-badge product-badge product-badge--discount" data-v-608c9b3f data-v-4eb474b4><span data-v-608c9b3f>Offer -20%</span></div></div> <div class="name-manufacturer" data-v-4eb474b4><div data-test-e2e="product-card-product-name" class="product-card-name" data-v-4eb474b4><span data-v-4eb474b4>
                                    Aceto Modena Balsamic Vinegar of Modena IGP 'Nero' 8.5 oz
                                </span></div> <div class="product-card-manufacturer" data-v-4eb474b4><!----> <span data-v-4eb474b4>
                                    Acetomodena
                                </span></div> <!----></div></div></a> <div class="product-card-price-add-info" data-v-4eb474b4><!----> <div class="add-info" data-v-4eb474b4><div class="product-card-info" data-v-4eb474b4><div class="item-info" data-v-4eb474b4><div data-v-4eb474b4>$2,87/Fl Oz</div> <div data-v-4eb474b4>8.5 Fl Oz</div></div> <div class="price" data-v-4eb474b4><div class="original-price" data-v-4eb474b4>
                                    $30.49
                                </div> <div class="final-price" data-v-4eb474b4>$24.39</div></div></div> <div class="product-card-add" data-v-4eb474b4><div data-test-e2e="add-to-cart-button" class="button-wrapper add-to-cart-button dense-grid-layout" data-v-1956333b data-v-4eb474b4><div data-test-e2e="add-to-cart-no-items" tabindex="0" role="button" class="button-no-items a11y-focus-standard" data-v-1956333b><!----> <div class="no-items-label dense-grid-layout" data-v-1956333b><svg version="1.1" viewBox="0 0 388 339" class="cart-icon svg-icon svg-fill" style="width:17px;height:15px;" data-v-1956333b><path fill="#fff" stroke="none" pid="0" id="Layer" fill-rule="evenodd" d="M128.11 224.12c-2.84 0-5.57 1.13-7.58 3.14a10.726 10.726 0 00-3.14 7.58c0 2.84 1.13 5.57 3.14 7.58 2.01 2.01 4.74 3.14 7.58 3.14h196.36c2.84 0 5.57 1.13 7.58 3.14 2.01 2.01 3.14 4.74 3.14 7.58s-1.13 5.57-3.14 7.58a10.726 10.726 0 01-7.58 3.14H128.11c-7.45.11-14.71-2.38-20.53-7.04a32.081 32.081 0 01-11.36-18.5 32.04 32.04 0 013-21.49c3.46-6.6 9.12-11.79 15.99-14.68-2.05-9.14-37.73-168.1-39.1-174.22H19.8c-2.84 0-5.57-1.13-7.58-3.14a10.726 10.726 0 01-3.14-7.58c0-2.84 1.13-5.57 3.14-7.58 2.01-2.01 4.74-3.14 7.58-3.14h65c1.22-.01 2.42.19 3.57.59 1.15.4 2.23.99 3.18 1.74.96.76 1.77 1.67 2.42 2.7.65 1.02 1.13 2.15 1.4 3.34l7.74 34.52h264.67a10.708 10.708 0 014.82 1.12c.75.37 1.46.83 2.1 1.36.64.53 1.22 1.13 1.73 1.79.5.66.93 1.37 1.26 2.13.34.75.59 1.55.74 2.36a10.555 10.555 0 01-.24 4.91l-43.31 150.13c-.33 1.12-.83 2.17-1.5 3.13-.66.95-1.48 1.8-2.41 2.49-.93.7-1.97 1.24-3.08 1.6-1.1.37-2.26.55-3.42.55H128.08l.03.03zm8.69-22.48h179.5L353.43 73H107.92l28.88 128.64z" fill="#000"/><path fill="#fff" stroke="none" pid="1" id="Layer" fill-rule="evenodd" d="M178.07 298.32c0 17.74-14.21 32.17-31.68 32.17s-31.68-14.43-31.68-32.17c0-17.74 14.21-32.17 31.68-32.17s31.68 14.43 31.68 32.17zm-27.98 9.94c1.18-.48 2.25-1.2 3.14-2.1.9-.89 1.62-1.96 2.1-3.14.49-1.17.74-2.43.74-3.7 0-3.92-2.36-7.44-5.98-8.94a9.66 9.66 0 00-10.54 2.1 9.66 9.66 0 00-2.1 10.54 9.672 9.672 0 008.94 5.98c1.27 0 2.53-.25 3.7-.74zM304.69 267c17.47 0 31.67 14.4 31.67 32.14 0 17.74-14.21 32.17-31.68 32.17S273 316.88 273 299.14c0-17.73 14.22-32.14 31.69-32.14zm-.3 22.71a9.7 9.7 0 00-3.68.73 9.534 9.534 0 00-3.12 2.08c-.9.89-1.6 1.95-2.09 3.12a9.7 9.7 0 00-.73 3.68 9.61 9.61 0 005.93 8.88c3.59 1.49 7.73.66 10.48-2.08a9.632 9.632 0 002.08-10.48 9.61 9.61 0 00-8.88-5.93h.01z" fill="#000"/></svg> <span class="cart-icon-text" data-v-1956333b>Add to cart</span></div></div></div></div></div></div></div></div> <div class="product-card-back" data-v-4eb474b4><div class="wishlist-drop-down-wrapper" style="display:none;" data-v-f16d327c data-v-4eb474b4><div class="wishlist-drop-down-banner" data-v-344dcb9e data-v-f16d327c>
    Choose a wishlist
    <svg version="1.1" viewBox="0 0 16 21" class="icon svg-icon svg-fill" style="width:16px;height:21px;" data-v-344dcb9e><path fill="white" stroke="none" pid="0" d="M7.683 8.068a.658.658 0 00-.929-.001l-2.16 2.161-.848-.849a.657.657 0 00-.928.928L4.13 11.62a.66.66 0 00.928.001l2.625-2.625a.657.657 0 000-.928zm0 5.25a.658.658 0 00-.929-.001l-2.16 2.161-.848-.848a.657.657 0 00-.928.928l1.312 1.313a.654.654 0 00.928 0l2.625-2.625a.657.657 0 000-.928zm4.786-4.13H9.844a.656.656 0 000 1.312h2.625a.656.656 0 000-1.313zm0 5.25H9.844a.656.656 0 000 1.312h2.625a.656.656 0 000-1.313z"/><path fill="white" stroke="none" pid="1" d="M14.438 2.625h-2.626v-.656a.656.656 0 00-.656-.657H9.732A1.974 1.974 0 007.875 0C7.019 0 6.29.549 6.018 1.313H4.594a.656.656 0 00-.657.656v.656H1.313C.589 2.625 0 3.215 0 3.938v15.75C0 20.41.59 21 1.313 21h13.124c.724 0 1.313-.59 1.313-1.313V3.938c0-.723-.59-1.312-1.313-1.312zm-9.188 0h1.313a.656.656 0 00.656-.656.656.656 0 011.312 0c0 .362.294.656.656.656H10.5v1.313H5.25V2.625zm9.188 17.063H1.312V3.938h2.625v.656c0 .362.294.656.657.656h6.562a.656.656 0 00.656-.656v-.657h2.626v15.75z"/></svg> <div class="closing-icon" style="display:none;" data-v-344dcb9e><svg version="1.1" viewBox="0 0 18 18" class="remove-icon svg-icon svg-fill" style="width:10px;height:10px;" data-v-344dcb9e><path fill="#fff" stroke="none" pid="0" fill="#333" d="M17.755 1.814A.699.699 0 0018 1.273a.738.738 0 00-.245-.554.803.803 0 00-.573-.219.855.855 0 00-.587.219L9 7.905 1.39.719A.797.797 0 00.818.5a.855.855 0 00-.586.219.758.758 0 00-.232.554c0 .213.077.394.232.54L7.841 9l-7.61 7.173a.761.761 0 00-.231.554c0 .214.077.394.232.541.165.155.36.232.586.232a.78.78 0 00.573-.232L9 10.095l7.595 7.173c.165.155.36.232.587.232a.781.781 0 00.573-.232.697.697 0 00.245-.54c0-.215-.081-.4-.245-.555L10.159 9l7.596-7.186z" fill-rule="evenodd"/></svg></div></div> <div class="wishlist-item-wrapper" data-v-b9033f4a data-v-f16d327c><div class="scroll" data-v-b9033f4a><div data-v-9444bd58 data-v-b9033f4a></div> <!----></div> <div class="wishlist-dropdown-link" data-v-b9033f4a><div data-v-697dda27 data-v-b9033f4a><div class="wishlist-link" data-v-697dda27><a data-v-697dda27>Create new wishlist</a></div> <div class="wishlist-link" data-v-697dda27><a data-v-697dda27>Manage wishlists</a></div></div></div></div></div></div></div></div></div><div class="swiper-slide cms-product-cards-carousel-slide" data-v-6dc1bbe5><div class="product-card-container" data-v-4eb474b4 data-v-6dc1bbe5><div class="product-card-wrapper" data-v-4eb474b4><div class="product-card" data-v-4eb474b4><div data-v-4eb474b4><div class="wishlist-wrapper" data-v-2ece9c9d><div class="wishlist-banner" style="display:none;" data-v-2ece9c9d><span data-v-2ece9c9d>
            
        </span> <!----></div> <div class="wishlist-icon dense-grid-layout" style="display:none;" data-v-2ece9c9d><span style="display:none;" data-v-2ece9c9d>Add to wishlist</span> <svg version="1.1" viewBox="0 0 16 21" class="icon svg-icon svg-fill" style="width:16px;height:21px;" data-v-2ece9c9d><path fill="#737373" stroke="none" pid="0" d="M7.683 8.068a.658.658 0 00-.929-.001l-2.16 2.161-.848-.849a.657.657 0 00-.928.928L4.13 11.62a.66.66 0 00.928.001l2.625-2.625a.657.657 0 000-.928zm0 5.25a.658.658 0 00-.929-.001l-2.16 2.161-.848-.848a.657.657 0 00-.928.928l1.312 1.313a.654.654 0 00.928 0l2.625-2.625a.657.657 0 000-.928zm4.786-4.13H9.844a.656.656 0 000 1.312h2.625a.656.656 0 000-1.313zm0 5.25H9.844a.656.656 0 000 1.312h2.625a.656.656 0 000-1.313z"/><path fill="#737373" stroke="none" pid="1" d="M14.438 2.625h-2.626v-.656a.656.656 0 00-.656-.657H9.732A1.974 1.974 0 007.875 0C7.019 0 6.29.549 6.018 1.313H4.594a.656.656 0 00-.657.656v.656H1.313C.589 2.625 0 3.215 0 3.938v15.75C0 20.41.59 21 1.313 21h13.124c.724 0 1.313-.59 1.313-1.313V3.938c0-.723-.59-1.312-1.313-1.312zm-9.188 0h1.313a.656.656 0 00.656-.656.656.656 0 011.312 0c0 .362.294.656.656.656H10.5v1.313H5.25V2.625zm9.188 17.063H1.312V3.938h2.625v.656c0 .362.294.656.657.656h6.562a.656.656 0 00.656-.656v-.657h2.626v15.75z"/></svg></div></div> <!----></div> <div class="product-card-event-label-wrapper" data-v-4eb474b4><div class="event-label tiny text-only" data-v-e009e9de data-v-4eb474b4><!----> <div class="event-label-text" data-v-e009e9de><div class="event-label-text-title" data-v-e009e9de>
            Best Seller
        </div> <!----></div></div></div> <div class="product-card-content" data-v-4eb474b4><a href="/us_en/urbani-porcini-mushroom-and-white-truffle-sauce-6-3-oz" class="product-link" data-v-4eb474b4><div class="product-card-image-name-manufacturer" data-v-4eb474b4><div class="product-card-image" data-v-4eb474b4><img width="200" height="200" alt="Porcini Mushroom and White Truffle Sauce 6.3 oz" src="https://www.eataly.com/media/catalog/product/5/0/507634-A_thumb_1.jpg" loading="lazy" class="product-image" data-v-4eb474b4> <!----></div> <div class="name-manufacturer" data-v-4eb474b4><div data-test-e2e="product-card-product-name" class="product-card-name" data-v-4eb474b4><span data-v-4eb474b4>
                                    Porcini Mushroom and White Truffle Sauce 6.3 oz
                                </span></div> <div class="product-card-manufacturer" data-v-4eb474b4><!----> <span data-v-4eb474b4>
                                    Urbani
                                </span></div> <!----></div></div></a> <div class="product-card-price-add-info" data-v-4eb474b4><!----> <div class="add-info" data-v-4eb474b4><div class="product-card-info" data-v-4eb474b4><div class="item-info" data-v-4eb474b4><div data-v-4eb474b4>$2,54/Oz</div> <div data-v-4eb474b4>6.3 Oz</div></div> <div class="price" data-v-4eb474b4><div class="original-price" data-v-4eb474b4>
                                    
                                </div> <div class="final-price" data-v-4eb474b4>$15.99</div></div></div> <div class="product-card-add" data-v-4eb474b4><div data-test-e2e="add-to-cart-button" class="button-wrapper add-to-cart-button dense-grid-layout" data-v-1956333b data-v-4eb474b4><div data-test-e2e="add-to-cart-no-items" tabindex="0" role="button" class="button-no-items a11y-focus-standard" data-v-1956333b><!----> <div class="no-items-label dense-grid-layout" data-v-1956333b><svg version="1.1" viewBox="0 0 388 339" class="cart-icon svg-icon svg-fill" style="width:17px;height:15px;" data-v-1956333b><path fill="#fff" stroke="none" pid="0" id="Layer" fill-rule="evenodd" d="M128.11 224.12c-2.84 0-5.57 1.13-7.58 3.14a10.726 10.726 0 00-3.14 7.58c0 2.84 1.13 5.57 3.14 7.58 2.01 2.01 4.74 3.14 7.58 3.14h196.36c2.84 0 5.57 1.13 7.58 3.14 2.01 2.01 3.14 4.74 3.14 7.58s-1.13 5.57-3.14 7.58a10.726 10.726 0 01-7.58 3.14H128.11c-7.45.11-14.71-2.38-20.53-7.04a32.081 32.081 0 01-11.36-18.5 32.04 32.04 0 013-21.49c3.46-6.6 9.12-11.79 15.99-14.68-2.05-9.14-37.73-168.1-39.1-174.22H19.8c-2.84 0-5.57-1.13-7.58-3.14a10.726 10.726 0 01-3.14-7.58c0-2.84 1.13-5.57 3.14-7.58 2.01-2.01 4.74-3.14 7.58-3.14h65c1.22-.01 2.42.19 3.57.59 1.15.4 2.23.99 3.18 1.74.96.76 1.77 1.67 2.42 2.7.65 1.02 1.13 2.15 1.4 3.34l7.74 34.52h264.67a10.708 10.708 0 014.82 1.12c.75.37 1.46.83 2.1 1.36.64.53 1.22 1.13 1.73 1.79.5.66.93 1.37 1.26 2.13.34.75.59 1.55.74 2.36a10.555 10.555 0 01-.24 4.91l-43.31 150.13c-.33 1.12-.83 2.17-1.5 3.13-.66.95-1.48 1.8-2.41 2.49-.93.7-1.97 1.24-3.08 1.6-1.1.37-2.26.55-3.42.55H128.08l.03.03zm8.69-22.48h179.5L353.43 73H107.92l28.88 128.64z" fill="#000"/><path fill="#fff" stroke="none" pid="1" id="Layer" fill-rule="evenodd" d="M178.07 298.32c0 17.74-14.21 32.17-31.68 32.17s-31.68-14.43-31.68-32.17c0-17.74 14.21-32.17 31.68-32.17s31.68 14.43 31.68 32.17zm-27.98 9.94c1.18-.48 2.25-1.2 3.14-2.1.9-.89 1.62-1.96 2.1-3.14.49-1.17.74-2.43.74-3.7 0-3.92-2.36-7.44-5.98-8.94a9.66 9.66 0 00-10.54 2.1 9.66 9.66 0 00-2.1 10.54 9.672 9.672 0 008.94 5.98c1.27 0 2.53-.25 3.7-.74zM304.69 267c17.47 0 31.67 14.4 31.67 32.14 0 17.74-14.21 32.17-31.68 32.17S273 316.88 273 299.14c0-17.73 14.22-32.14 31.69-32.14zm-.3 22.71a9.7 9.7 0 00-3.68.73 9.534 9.534 0 00-3.12 2.08c-.9.89-1.6 1.95-2.09 3.12a9.7 9.7 0 00-.73 3.68 9.61 9.61 0 005.93 8.88c3.59 1.49 7.73.66 10.48-2.08a9.632 9.632 0 002.08-10.48 9.61 9.61 0 00-8.88-5.93h.01z" fill="#000"/></svg> <span class="cart-icon-text" data-v-1956333b>Add to cart</span></div></div></div></div></div></div></div></div> <div class="product-card-back" data-v-4eb474b4><div class="wishlist-drop-down-wrapper" style="display:none;" data-v-f16d327c data-v-4eb474b4><div class="wishlist-drop-down-banner" data-v-344dcb9e data-v-f16d327c>
    Choose a wishlist
    <svg version="1.1" viewBox="0 0 16 21" class="icon svg-icon svg-fill" style="width:16px;height:21px;" data-v-344dcb9e><path fill="white" stroke="none" pid="0" d="M7.683 8.068a.658.658 0 00-.929-.001l-2.16 2.161-.848-.849a.657.657 0 00-.928.928L4.13 11.62a.66.66 0 00.928.001l2.625-2.625a.657.657 0 000-.928zm0 5.25a.658.658 0 00-.929-.001l-2.16 2.161-.848-.848a.657.657 0 00-.928.928l1.312 1.313a.654.654 0 00.928 0l2.625-2.625a.657.657 0 000-.928zm4.786-4.13H9.844a.656.656 0 000 1.312h2.625a.656.656 0 000-1.313zm0 5.25H9.844a.656.656 0 000 1.312h2.625a.656.656 0 000-1.313z"/><path fill="white" stroke="none" pid="1" d="M14.438 2.625h-2.626v-.656a.656.656 0 00-.656-.657H9.732A1.974 1.974 0 007.875 0C7.019 0 6.29.549 6.018 1.313H4.594a.656.656 0 00-.657.656v.656H1.313C.589 2.625 0 3.215 0 3.938v15.75C0 20.41.59 21 1.313 21h13.124c.724 0 1.313-.59 1.313-1.313V3.938c0-.723-.59-1.312-1.313-1.312zm-9.188 0h1.313a.656.656 0 00.656-.656.656.656 0 011.312 0c0 .362.294.656.656.656H10.5v1.313H5.25V2.625zm9.188 17.063H1.312V3.938h2.625v.656c0 .362.294.656.657.656h6.562a.656.656 0 00.656-.656v-.657h2.626v15.75z"/></svg> <div class="closing-icon" style="display:none;" data-v-344dcb9e><svg version="1.1" viewBox="0 0 18 18" class="remove-icon svg-icon svg-fill" style="width:10px;height:10px;" data-v-344dcb9e><path fill="#fff" stroke="none" pid="0" fill="#333" d="M17.755 1.814A.699.699 0 0018 1.273a.738.738 0 00-.245-.554.803.803 0 00-.573-.219.855.855 0 00-.587.219L9 7.905 1.39.719A.797.797 0 00.818.5a.855.855 0 00-.586.219.758.758 0 00-.232.554c0 .213.077.394.232.54L7.841 9l-7.61 7.173a.761.761 0 00-.231.554c0 .214.077.394.232.541.165.155.36.232.586.232a.78.78 0 00.573-.232L9 10.095l7.595 7.173c.165.155.36.232.587.232a.781.781 0 00.573-.232.697.697 0 00.245-.54c0-.215-.081-.4-.245-.555L10.159 9l7.596-7.186z" fill-rule="evenodd"/></svg></div></div> <div class="wishlist-item-wrapper" data-v-b9033f4a data-v-f16d327c><div class="scroll" data-v-b9033f4a><div data-v-9444bd58 data-v-b9033f4a></div> <!----></div> <div class="wishlist-dropdown-link" data-v-b9033f4a><div data-v-697dda27 data-v-b9033f4a><div class="wishlist-link" data-v-697dda27><a data-v-697dda27>Create new wishlist</a></div> <div class="wishlist-link" data-v-697dda27><a data-v-697dda27>Manage wishlists</a></div></div></div></div></div></div></div></div></div><div class="swiper-slide cms-product-cards-carousel-slide" data-v-6dc1bbe5><div class="product-card-container" data-v-4eb474b4 data-v-6dc1bbe5><div class="product-card-wrapper" data-v-4eb474b4><div class="product-card" data-v-4eb474b4><div data-v-4eb474b4><div class="wishlist-wrapper" data-v-2ece9c9d><div class="wishlist-banner" style="display:none;" data-v-2ece9c9d><span data-v-2ece9c9d>
            
        </span> <!----></div> <div class="wishlist-icon dense-grid-layout" style="display:none;" data-v-2ece9c9d><span style="display:none;" data-v-2ece9c9d>Add to wishlist</span> <svg version="1.1" viewBox="0 0 16 21" class="icon svg-icon svg-fill" style="width:16px;height:21px;" data-v-2ece9c9d><path fill="#737373" stroke="none" pid="0" d="M7.683 8.068a.658.658 0 00-.929-.001l-2.16 2.161-.848-.849a.657.657 0 00-.928.928L4.13 11.62a.66.66 0 00.928.001l2.625-2.625a.657.657 0 000-.928zm0 5.25a.658.658 0 00-.929-.001l-2.16 2.161-.848-.848a.657.657 0 00-.928.928l1.312 1.313a.654.654 0 00.928 0l2.625-2.625a.657.657 0 000-.928zm4.786-4.13H9.844a.656.656 0 000 1.312h2.625a.656.656 0 000-1.313zm0 5.25H9.844a.656.656 0 000 1.312h2.625a.656.656 0 000-1.313z"/><path fill="#737373" stroke="none" pid="1" d="M14.438 2.625h-2.626v-.656a.656.656 0 00-.656-.657H9.732A1.974 1.974 0 007.875 0C7.019 0 6.29.549 6.018 1.313H4.594a.656.656 0 00-.657.656v.656H1.313C.589 2.625 0 3.215 0 3.938v15.75C0 20.41.59 21 1.313 21h13.124c.724 0 1.313-.59 1.313-1.313V3.938c0-.723-.59-1.312-1.313-1.312zm-9.188 0h1.313a.656.656 0 00.656-.656.656.656 0 011.312 0c0 .362.294.656.656.656H10.5v1.313H5.25V2.625zm9.188 17.063H1.312V3.938h2.625v.656c0 .362.294.656.657.656h6.562a.656.656 0 00.656-.656v-.657h2.626v15.75z"/></svg></div></div> <!----></div> <div class="product-card-event-label-wrapper" data-v-4eb474b4><!----></div> <div class="product-card-content" data-v-4eb474b4><a href="/us_en/alessi-moka-alessi-espresso-coffee-maker-3-cup" class="product-link" data-v-4eb474b4><div class="product-card-image-name-manufacturer" data-v-4eb474b4><div class="product-card-image" data-v-4eb474b4><img width="200" height="200" alt="Moka Alessi Espresso Coffee Maker - 3 Cup" src="https://www.eataly.com/media/catalog/product/5/0/508716-moka-alessi-espresso-coffee-maker---3-cup-alessi_thumb_1.jpg" loading="lazy" class="product-image" data-v-4eb474b4> <!----></div> <div class="name-manufacturer" data-v-4eb474b4><div data-test-e2e="product-card-product-name" class="product-card-name" data-v-4eb474b4><span data-v-4eb474b4>
                                    Moka Alessi Espresso Coffee Maker - 3 Cup
                                </span></div> <div class="product-card-manufacturer" data-v-4eb474b4><!----> <span data-v-4eb474b4>
                                    Alessi
                                </span></div> <!----></div></div></a> <div class="product-card-price-add-info" data-v-4eb474b4><!----> <div class="add-info" data-v-4eb474b4><div class="product-card-info" data-v-4eb474b4><div class="item-info" data-v-4eb474b4><div data-v-4eb474b4></div> <div data-v-4eb474b4>1 Unit</div></div> <div class="price" data-v-4eb474b4><div class="original-price" data-v-4eb474b4>
                                    
                                </div> <div class="final-price" data-v-4eb474b4>$81.49</div></div></div> <div class="product-card-add" data-v-4eb474b4><div data-test-e2e="add-to-cart-button" class="button-wrapper add-to-cart-button dense-grid-layout" data-v-1956333b data-v-4eb474b4><div data-test-e2e="add-to-cart-no-items" tabindex="0" role="button" class="button-no-items a11y-focus-standard" data-v-1956333b><!----> <div class="no-items-label dense-grid-layout" data-v-1956333b><svg version="1.1" viewBox="0 0 388 339" class="cart-icon svg-icon svg-fill" style="width:17px;height:15px;" data-v-1956333b><path fill="#fff" stroke="none" pid="0" id="Layer" fill-rule="evenodd" d="M128.11 224.12c-2.84 0-5.57 1.13-7.58 3.14a10.726 10.726 0 00-3.14 7.58c0 2.84 1.13 5.57 3.14 7.58 2.01 2.01 4.74 3.14 7.58 3.14h196.36c2.84 0 5.57 1.13 7.58 3.14 2.01 2.01 3.14 4.74 3.14 7.58s-1.13 5.57-3.14 7.58a10.726 10.726 0 01-7.58 3.14H128.11c-7.45.11-14.71-2.38-20.53-7.04a32.081 32.081 0 01-11.36-18.5 32.04 32.04 0 013-21.49c3.46-6.6 9.12-11.79 15.99-14.68-2.05-9.14-37.73-168.1-39.1-174.22H19.8c-2.84 0-5.57-1.13-7.58-3.14a10.726 10.726 0 01-3.14-7.58c0-2.84 1.13-5.57 3.14-7.58 2.01-2.01 4.74-3.14 7.58-3.14h65c1.22-.01 2.42.19 3.57.59 1.15.4 2.23.99 3.18 1.74.96.76 1.77 1.67 2.42 2.7.65 1.02 1.13 2.15 1.4 3.34l7.74 34.52h264.67a10.708 10.708 0 014.82 1.12c.75.37 1.46.83 2.1 1.36.64.53 1.22 1.13 1.73 1.79.5.66.93 1.37 1.26 2.13.34.75.59 1.55.74 2.36a10.555 10.555 0 01-.24 4.91l-43.31 150.13c-.33 1.12-.83 2.17-1.5 3.13-.66.95-1.48 1.8-2.41 2.49-.93.7-1.97 1.24-3.08 1.6-1.1.37-2.26.55-3.42.55H128.08l.03.03zm8.69-22.48h179.5L353.43 73H107.92l28.88 128.64z" fill="#000"/><path fill="#fff" stroke="none" pid="1" id="Layer" fill-rule="evenodd" d="M178.07 298.32c0 17.74-14.21 32.17-31.68 32.17s-31.68-14.43-31.68-32.17c0-17.74 14.21-32.17 31.68-32.17s31.68 14.43 31.68 32.17zm-27.98 9.94c1.18-.48 2.25-1.2 3.14-2.1.9-.89 1.62-1.96 2.1-3.14.49-1.17.74-2.43.74-3.7 0-3.92-2.36-7.44-5.98-8.94a9.66 9.66 0 00-10.54 2.1 9.66 9.66 0 00-2.1 10.54 9.672 9.672 0 008.94 5.98c1.27 0 2.53-.25 3.7-.74zM304.69 267c17.47 0 31.67 14.4 31.67 32.14 0 17.74-14.21 32.17-31.68 32.17S273 316.88 273 299.14c0-17.73 14.22-32.14 31.69-32.14zm-.3 22.71a9.7 9.7 0 00-3.68.73 9.534 9.534 0 00-3.12 2.08c-.9.89-1.6 1.95-2.09 3.12a9.7 9.7 0 00-.73 3.68 9.61 9.61 0 005.93 8.88c3.59 1.49 7.73.66 10.48-2.08a9.632 9.632 0 002.08-10.48 9.61 9.61 0 00-8.88-5.93h.01z" fill="#000"/></svg> <span class="cart-icon-text" data-v-1956333b>Add to cart</span></div></div></div></div></div></div></div></div> <div class="product-card-back" data-v-4eb474b4><div class="wishlist-drop-down-wrapper" style="display:none;" data-v-f16d327c data-v-4eb474b4><div class="wishlist-drop-down-banner" data-v-344dcb9e data-v-f16d327c>
    Choose a wishlist
    <svg version="1.1" viewBox="0 0 16 21" class="icon svg-icon svg-fill" style="width:16px;height:21px;" data-v-344dcb9e><path fill="white" stroke="none" pid="0" d="M7.683 8.068a.658.658 0 00-.929-.001l-2.16 2.161-.848-.849a.657.657 0 00-.928.928L4.13 11.62a.66.66 0 00.928.001l2.625-2.625a.657.657 0 000-.928zm0 5.25a.658.658 0 00-.929-.001l-2.16 2.161-.848-.848a.657.657 0 00-.928.928l1.312 1.313a.654.654 0 00.928 0l2.625-2.625a.657.657 0 000-.928zm4.786-4.13H9.844a.656.656 0 000 1.312h2.625a.656.656 0 000-1.313zm0 5.25H9.844a.656.656 0 000 1.312h2.625a.656.656 0 000-1.313z"/><path fill="white" stroke="none" pid="1" d="M14.438 2.625h-2.626v-.656a.656.656 0 00-.656-.657H9.732A1.974 1.974 0 007.875 0C7.019 0 6.29.549 6.018 1.313H4.594a.656.656 0 00-.657.656v.656H1.313C.589 2.625 0 3.215 0 3.938v15.75C0 20.41.59 21 1.313 21h13.124c.724 0 1.313-.59 1.313-1.313V3.938c0-.723-.59-1.312-1.313-1.312zm-9.188 0h1.313a.656.656 0 00.656-.656.656.656 0 011.312 0c0 .362.294.656.656.656H10.5v1.313H5.25V2.625zm9.188 17.063H1.312V3.938h2.625v.656c0 .362.294.656.657.656h6.562a.656.656 0 00.656-.656v-.657h2.626v15.75z"/></svg> <div class="closing-icon" style="display:none;" data-v-344dcb9e><svg version="1.1" viewBox="0 0 18 18" class="remove-icon svg-icon svg-fill" style="width:10px;height:10px;" data-v-344dcb9e><path fill="#fff" stroke="none" pid="0" fill="#333" d="M17.755 1.814A.699.699 0 0018 1.273a.738.738 0 00-.245-.554.803.803 0 00-.573-.219.855.855 0 00-.587.219L9 7.905 1.39.719A.797.797 0 00.818.5a.855.855 0 00-.586.219.758.758 0 00-.232.554c0 .213.077.394.232.54L7.841 9l-7.61 7.173a.761.761 0 00-.231.554c0 .214.077.394.232.541.165.155.36.232.586.232a.78.78 0 00.573-.232L9 10.095l7.595 7.173c.165.155.36.232.587.232a.781.781 0 00.573-.232.697.697 0 00.245-.54c0-.215-.081-.4-.245-.555L10.159 9l7.596-7.186z" fill-rule="evenodd"/></svg></div></div> <div class="wishlist-item-wrapper" data-v-b9033f4a data-v-f16d327c><div class="scroll" data-v-b9033f4a><div data-v-9444bd58 data-v-b9033f4a></div> <!----></div> <div class="wishlist-dropdown-link" data-v-b9033f4a><div data-v-697dda27 data-v-b9033f4a><div class="wishlist-link" data-v-697dda27><a data-v-697dda27>Create new wishlist</a></div> <div class="wishlist-link" data-v-697dda27><a data-v-697dda27>Manage wishlists</a></div></div></div></div></div></div></div></div></div><div class="swiper-slide cms-product-cards-carousel-slide" data-v-6dc1bbe5><div class="product-card-container" data-v-4eb474b4 data-v-6dc1bbe5><div class="product-card-wrapper" data-v-4eb474b4><div class="product-card" data-v-4eb474b4><div data-v-4eb474b4><div class="wishlist-wrapper" data-v-2ece9c9d><div class="wishlist-banner" style="display:none;" data-v-2ece9c9d><span data-v-2ece9c9d>
            
        </span> <!----></div> <div class="wishlist-icon dense-grid-layout" style="display:none;" data-v-2ece9c9d><span style="display:none;" data-v-2ece9c9d>Add to wishlist</span> <svg version="1.1" viewBox="0 0 16 21" class="icon svg-icon svg-fill" style="width:16px;height:21px;" data-v-2ece9c9d><path fill="#737373" stroke="none" pid="0" d="M7.683 8.068a.658.658 0 00-.929-.001l-2.16 2.161-.848-.849a.657.657 0 00-.928.928L4.13 11.62a.66.66 0 00.928.001l2.625-2.625a.657.657 0 000-.928zm0 5.25a.658.658 0 00-.929-.001l-2.16 2.161-.848-.848a.657.657 0 00-.928.928l1.312 1.313a.654.654 0 00.928 0l2.625-2.625a.657.657 0 000-.928zm4.786-4.13H9.844a.656.656 0 000 1.312h2.625a.656.656 0 000-1.313zm0 5.25H9.844a.656.656 0 000 1.312h2.625a.656.656 0 000-1.313z"/><path fill="#737373" stroke="none" pid="1" d="M14.438 2.625h-2.626v-.656a.656.656 0 00-.656-.657H9.732A1.974 1.974 0 007.875 0C7.019 0 6.29.549 6.018 1.313H4.594a.656.656 0 00-.657.656v.656H1.313C.589 2.625 0 3.215 0 3.938v15.75C0 20.41.59 21 1.313 21h13.124c.724 0 1.313-.59 1.313-1.313V3.938c0-.723-.59-1.312-1.313-1.312zm-9.188 0h1.313a.656.656 0 00.656-.656.656.656 0 011.312 0c0 .362.294.656.656.656H10.5v1.313H5.25V2.625zm9.188 17.063H1.312V3.938h2.625v.656c0 .362.294.656.657.656h6.562a.656.656 0 00.656-.656v-.657h2.626v15.75z"/></svg></div></div> <!----></div> <div class="product-card-event-label-wrapper" data-v-4eb474b4><!----></div> <div class="product-card-content" data-v-4eb474b4><a href="/us_en/olis-geraci-extra-virgin-olive-oil-in-ceramic-bottle-8-5-oz" class="product-link" data-v-4eb474b4><div class="product-card-image-name-manufacturer" data-v-4eb474b4><div class="product-card-image" data-v-4eb474b4><img width="200" height="200" alt="Extra Virgin Olive Oil in Ceramic Bottle" src="https://www.eataly.com/media/catalog/product/5/1/510272-A_thumb_1.jpg" loading="lazy" class="product-image" data-v-4eb474b4> <div class="product-badge product-badge product-badge--discount" data-v-608c9b3f data-v-4eb474b4><span data-v-608c9b3f>Offer -20%</span></div></div> <div class="name-manufacturer" data-v-4eb474b4><div data-test-e2e="product-card-product-name" class="product-card-name" data-v-4eb474b4><span data-v-4eb474b4>
                                    Extra Virgin Olive Oil in Ceramic Bottle
                                </span></div> <div class="product-card-manufacturer" data-v-4eb474b4><!----> <span data-v-4eb474b4>
                                    Olis Geraci
                                </span></div> <!----></div></div></a> <div class="product-card-price-add-info" data-v-4eb474b4><!----> <div class="add-info" data-v-4eb474b4><div class="product-card-info" data-v-4eb474b4><div class="item-info" data-v-4eb474b4><div data-v-4eb474b4>$5,46/Fl Oz</div> <div data-v-4eb474b4>8.5 Fl Oz</div></div> <div class="price" data-v-4eb474b4><div class="original-price" data-v-4eb474b4>
                                    $57.99
                                </div> <div class="final-price" data-v-4eb474b4>$46.39</div></div></div> <div class="product-card-add" data-v-4eb474b4><div data-test-e2e="add-to-cart-button" class="button-wrapper add-to-cart-button dense-grid-layout" data-v-1956333b data-v-4eb474b4><div data-test-e2e="add-to-cart-no-items" tabindex="0" role="button" class="button-no-items a11y-focus-standard" data-v-1956333b><!----> <div class="no-items-label dense-grid-layout" data-v-1956333b><svg version="1.1" viewBox="0 0 388 339" class="cart-icon svg-icon svg-fill" style="width:17px;height:15px;" data-v-1956333b><path fill="#fff" stroke="none" pid="0" id="Layer" fill-rule="evenodd" d="M128.11 224.12c-2.84 0-5.57 1.13-7.58 3.14a10.726 10.726 0 00-3.14 7.58c0 2.84 1.13 5.57 3.14 7.58 2.01 2.01 4.74 3.14 7.58 3.14h196.36c2.84 0 5.57 1.13 7.58 3.14 2.01 2.01 3.14 4.74 3.14 7.58s-1.13 5.57-3.14 7.58a10.726 10.726 0 01-7.58 3.14H128.11c-7.45.11-14.71-2.38-20.53-7.04a32.081 32.081 0 01-11.36-18.5 32.04 32.04 0 013-21.49c3.46-6.6 9.12-11.79 15.99-14.68-2.05-9.14-37.73-168.1-39.1-174.22H19.8c-2.84 0-5.57-1.13-7.58-3.14a10.726 10.726 0 01-3.14-7.58c0-2.84 1.13-5.57 3.14-7.58 2.01-2.01 4.74-3.14 7.58-3.14h65c1.22-.01 2.42.19 3.57.59 1.15.4 2.23.99 3.18 1.74.96.76 1.77 1.67 2.42 2.7.65 1.02 1.13 2.15 1.4 3.34l7.74 34.52h264.67a10.708 10.708 0 014.82 1.12c.75.37 1.46.83 2.1 1.36.64.53 1.22 1.13 1.73 1.79.5.66.93 1.37 1.26 2.13.34.75.59 1.55.74 2.36a10.555 10.555 0 01-.24 4.91l-43.31 150.13c-.33 1.12-.83 2.17-1.5 3.13-.66.95-1.48 1.8-2.41 2.49-.93.7-1.97 1.24-3.08 1.6-1.1.37-2.26.55-3.42.55H128.08l.03.03zm8.69-22.48h179.5L353.43 73H107.92l28.88 128.64z" fill="#000"/><path fill="#fff" stroke="none" pid="1" id="Layer" fill-rule="evenodd" d="M178.07 298.32c0 17.74-14.21 32.17-31.68 32.17s-31.68-14.43-31.68-32.17c0-17.74 14.21-32.17 31.68-32.17s31.68 14.43 31.68 32.17zm-27.98 9.94c1.18-.48 2.25-1.2 3.14-2.1.9-.89 1.62-1.96 2.1-3.14.49-1.17.74-2.43.74-3.7 0-3.92-2.36-7.44-5.98-8.94a9.66 9.66 0 00-10.54 2.1 9.66 9.66 0 00-2.1 10.54 9.672 9.672 0 008.94 5.98c1.27 0 2.53-.25 3.7-.74zM304.69 267c17.47 0 31.67 14.4 31.67 32.14 0 17.74-14.21 32.17-31.68 32.17S273 316.88 273 299.14c0-17.73 14.22-32.14 31.69-32.14zm-.3 22.71a9.7 9.7 0 00-3.68.73 9.534 9.534 0 00-3.12 2.08c-.9.89-1.6 1.95-2.09 3.12a9.7 9.7 0 00-.73 3.68 9.61 9.61 0 005.93 8.88c3.59 1.49 7.73.66 10.48-2.08a9.632 9.632 0 002.08-10.48 9.61 9.61 0 00-8.88-5.93h.01z" fill="#000"/></svg> <span class="cart-icon-text" data-v-1956333b>Add to cart</span></div></div></div></div></div></div></div></div> <div class="product-card-back" data-v-4eb474b4><div class="wishlist-drop-down-wrapper" style="display:none;" data-v-f16d327c data-v-4eb474b4><div class="wishlist-drop-down-banner" data-v-344dcb9e data-v-f16d327c>
    Choose a wishlist
    <svg version="1.1" viewBox="0 0 16 21" class="icon svg-icon svg-fill" style="width:16px;height:21px;" data-v-344dcb9e><path fill="white" stroke="none" pid="0" d="M7.683 8.068a.658.658 0 00-.929-.001l-2.16 2.161-.848-.849a.657.657 0 00-.928.928L4.13 11.62a.66.66 0 00.928.001l2.625-2.625a.657.657 0 000-.928zm0 5.25a.658.658 0 00-.929-.001l-2.16 2.161-.848-.848a.657.657 0 00-.928.928l1.312 1.313a.654.654 0 00.928 0l2.625-2.625a.657.657 0 000-.928zm4.786-4.13H9.844a.656.656 0 000 1.312h2.625a.656.656 0 000-1.313zm0 5.25H9.844a.656.656 0 000 1.312h2.625a.656.656 0 000-1.313z"/><path fill="white" stroke="none" pid="1" d="M14.438 2.625h-2.626v-.656a.656.656 0 00-.656-.657H9.732A1.974 1.974 0 007.875 0C7.019 0 6.29.549 6.018 1.313H4.594a.656.656 0 00-.657.656v.656H1.313C.589 2.625 0 3.215 0 3.938v15.75C0 20.41.59 21 1.313 21h13.124c.724 0 1.313-.59 1.313-1.313V3.938c0-.723-.59-1.312-1.313-1.312zm-9.188 0h1.313a.656.656 0 00.656-.656.656.656 0 011.312 0c0 .362.294.656.656.656H10.5v1.313H5.25V2.625zm9.188 17.063H1.312V3.938h2.625v.656c0 .362.294.656.657.656h6.562a.656.656 0 00.656-.656v-.657h2.626v15.75z"/></svg> <div class="closing-icon" style="display:none;" data-v-344dcb9e><svg version="1.1" viewBox="0 0 18 18" class="remove-icon svg-icon svg-fill" style="width:10px;height:10px;" data-v-344dcb9e><path fill="#fff" stroke="none" pid="0" fill="#333" d="M17.755 1.814A.699.699 0 0018 1.273a.738.738 0 00-.245-.554.803.803 0 00-.573-.219.855.855 0 00-.587.219L9 7.905 1.39.719A.797.797 0 00.818.5a.855.855 0 00-.586.219.758.758 0 00-.232.554c0 .213.077.394.232.54L7.841 9l-7.61 7.173a.761.761 0 00-.231.554c0 .214.077.394.232.541.165.155.36.232.586.232a.78.78 0 00.573-.232L9 10.095l7.595 7.173c.165.155.36.232.587.232a.781.781 0 00.573-.232.697.697 0 00.245-.54c0-.215-.081-.4-.245-.555L10.159 9l7.596-7.186z" fill-rule="evenodd"/></svg></div></div> <div class="wishlist-item-wrapper" data-v-b9033f4a data-v-f16d327c><div class="scroll" data-v-b9033f4a><div data-v-9444bd58 data-v-b9033f4a></div> <!----></div> <div class="wishlist-dropdown-link" data-v-b9033f4a><div data-v-697dda27 data-v-b9033f4a><div class="wishlist-link" data-v-697dda27><a data-v-697dda27>Create new wishlist</a></div> <div class="wishlist-link" data-v-697dda27><a data-v-697dda27>Manage wishlists</a></div></div></div></div></div></div></div></div></div><div class="swiper-slide cms-product-cards-carousel-slide" data-v-6dc1bbe5><div class="product-card-container" data-v-4eb474b4 data-v-6dc1bbe5><div class="product-card-wrapper" data-v-4eb474b4><div class="product-card" data-v-4eb474b4><div data-v-4eb474b4><div class="wishlist-wrapper" data-v-2ece9c9d><div class="wishlist-banner" style="display:none;" data-v-2ece9c9d><span data-v-2ece9c9d>
            
        </span> <!----></div> <div class="wishlist-icon dense-grid-layout" style="display:none;" data-v-2ece9c9d><span style="display:none;" data-v-2ece9c9d>Add to wishlist</span> <svg version="1.1" viewBox="0 0 16 21" class="icon svg-icon svg-fill" style="width:16px;height:21px;" data-v-2ece9c9d><path fill="#737373" stroke="none" pid="0" d="M7.683 8.068a.658.658 0 00-.929-.001l-2.16 2.161-.848-.849a.657.657 0 00-.928.928L4.13 11.62a.66.66 0 00.928.001l2.625-2.625a.657.657 0 000-.928zm0 5.25a.658.658 0 00-.929-.001l-2.16 2.161-.848-.848a.657.657 0 00-.928.928l1.312 1.313a.654.654 0 00.928 0l2.625-2.625a.657.657 0 000-.928zm4.786-4.13H9.844a.656.656 0 000 1.312h2.625a.656.656 0 000-1.313zm0 5.25H9.844a.656.656 0 000 1.312h2.625a.656.656 0 000-1.313z"/><path fill="#737373" stroke="none" pid="1" d="M14.438 2.625h-2.626v-.656a.656.656 0 00-.656-.657H9.732A1.974 1.974 0 007.875 0C7.019 0 6.29.549 6.018 1.313H4.594a.656.656 0 00-.657.656v.656H1.313C.589 2.625 0 3.215 0 3.938v15.75C0 20.41.59 21 1.313 21h13.124c.724 0 1.313-.59 1.313-1.313V3.938c0-.723-.59-1.312-1.313-1.312zm-9.188 0h1.313a.656.656 0 00.656-.656.656.656 0 011.312 0c0 .362.294.656.656.656H10.5v1.313H5.25V2.625zm9.188 17.063H1.312V3.938h2.625v.656c0 .362.294.656.657.656h6.562a.656.656 0 00.656-.656v-.657h2.626v15.75z"/></svg></div></div> <!----></div> <div class="product-card-event-label-wrapper" data-v-4eb474b4><div class="event-label tiny text-only" data-v-e009e9de data-v-4eb474b4><!----> <div class="event-label-text" data-v-e009e9de><div class="event-label-text-title" data-v-e009e9de>
            Best Seller
        </div> <!----></div></div></div> <div class="product-card-content" data-v-4eb474b4><a href="/us_en/afeltra-100-italian-grain-penne-rigate-17-6-oz" class="product-link" data-v-4eb474b4><div class="product-card-image-name-manufacturer" data-v-4eb474b4><div class="product-card-image" data-v-4eb474b4><img width="200" height="200" alt="100% Italian Grain Penne Rigate 17.6 oz" src="https://www.eataly.com/media/catalog/product/5/1/512057-100_-italian-grain-penne-rigate-17_6oz-afeltra_thumb_1.jpg" loading="lazy" class="product-image" data-v-4eb474b4> <div class="product-badge product-badge product-badge--discount" data-v-608c9b3f data-v-4eb474b4><span data-v-608c9b3f>Offer -20%</span></div></div> <div class="name-manufacturer" data-v-4eb474b4><div data-test-e2e="product-card-product-name" class="product-card-name" data-v-4eb474b4><span data-v-4eb474b4>
                                    100% Italian Grain Penne Rigate 17.6 oz
                                </span></div> <div class="product-card-manufacturer" data-v-4eb474b4><!----> <span data-v-4eb474b4>
                                    Afeltra
                                </span></div> <!----></div></div></a> <div class="product-card-price-add-info" data-v-4eb474b4><!----> <div class="add-info" data-v-4eb474b4><div class="product-card-info" data-v-4eb474b4><div class="item-info" data-v-4eb474b4><div data-v-4eb474b4>$0,50/Oz</div> <div data-v-4eb474b4>17.6 Oz</div></div> <div class="price" data-v-4eb474b4><div class="original-price" data-v-4eb474b4>
                                    $10.99
                                </div> <div class="final-price" data-v-4eb474b4>$8.79</div></div></div> <div class="product-card-add" data-v-4eb474b4><div data-test-e2e="add-to-cart-button" class="button-wrapper add-to-cart-button dense-grid-layout" data-v-1956333b data-v-4eb474b4><div data-test-e2e="add-to-cart-no-items" tabindex="0" role="button" class="button-no-items a11y-focus-standard" data-v-1956333b><!----> <div class="no-items-label dense-grid-layout" data-v-1956333b><svg version="1.1" viewBox="0 0 388 339" class="cart-icon svg-icon svg-fill" style="width:17px;height:15px;" data-v-1956333b><path fill="#fff" stroke="none" pid="0" id="Layer" fill-rule="evenodd" d="M128.11 224.12c-2.84 0-5.57 1.13-7.58 3.14a10.726 10.726 0 00-3.14 7.58c0 2.84 1.13 5.57 3.14 7.58 2.01 2.01 4.74 3.14 7.58 3.14h196.36c2.84 0 5.57 1.13 7.58 3.14 2.01 2.01 3.14 4.74 3.14 7.58s-1.13 5.57-3.14 7.58a10.726 10.726 0 01-7.58 3.14H128.11c-7.45.11-14.71-2.38-20.53-7.04a32.081 32.081 0 01-11.36-18.5 32.04 32.04 0 013-21.49c3.46-6.6 9.12-11.79 15.99-14.68-2.05-9.14-37.73-168.1-39.1-174.22H19.8c-2.84 0-5.57-1.13-7.58-3.14a10.726 10.726 0 01-3.14-7.58c0-2.84 1.13-5.57 3.14-7.58 2.01-2.01 4.74-3.14 7.58-3.14h65c1.22-.01 2.42.19 3.57.59 1.15.4 2.23.99 3.18 1.74.96.76 1.77 1.67 2.42 2.7.65 1.02 1.13 2.15 1.4 3.34l7.74 34.52h264.67a10.708 10.708 0 014.82 1.12c.75.37 1.46.83 2.1 1.36.64.53 1.22 1.13 1.73 1.79.5.66.93 1.37 1.26 2.13.34.75.59 1.55.74 2.36a10.555 10.555 0 01-.24 4.91l-43.31 150.13c-.33 1.12-.83 2.17-1.5 3.13-.66.95-1.48 1.8-2.41 2.49-.93.7-1.97 1.24-3.08 1.6-1.1.37-2.26.55-3.42.55H128.08l.03.03zm8.69-22.48h179.5L353.43 73H107.92l28.88 128.64z" fill="#000"/><path fill="#fff" stroke="none" pid="1" id="Layer" fill-rule="evenodd" d="M178.07 298.32c0 17.74-14.21 32.17-31.68 32.17s-31.68-14.43-31.68-32.17c0-17.74 14.21-32.17 31.68-32.17s31.68 14.43 31.68 32.17zm-27.98 9.94c1.18-.48 2.25-1.2 3.14-2.1.9-.89 1.62-1.96 2.1-3.14.49-1.17.74-2.43.74-3.7 0-3.92-2.36-7.44-5.98-8.94a9.66 9.66 0 00-10.54 2.1 9.66 9.66 0 00-2.1 10.54 9.672 9.672 0 008.94 5.98c1.27 0 2.53-.25 3.7-.74zM304.69 267c17.47 0 31.67 14.4 31.67 32.14 0 17.74-14.21 32.17-31.68 32.17S273 316.88 273 299.14c0-17.73 14.22-32.14 31.69-32.14zm-.3 22.71a9.7 9.7 0 00-3.68.73 9.534 9.534 0 00-3.12 2.08c-.9.89-1.6 1.95-2.09 3.12a9.7 9.7 0 00-.73 3.68 9.61 9.61 0 005.93 8.88c3.59 1.49 7.73.66 10.48-2.08a9.632 9.632 0 002.08-10.48 9.61 9.61 0 00-8.88-5.93h.01z" fill="#000"/></svg> <span class="cart-icon-text" data-v-1956333b>Add to cart</span></div></div></div></div></div></div></div></div> <div class="product-card-back" data-v-4eb474b4><div class="wishlist-drop-down-wrapper" style="display:none;" data-v-f16d327c data-v-4eb474b4><div class="wishlist-drop-down-banner" data-v-344dcb9e data-v-f16d327c>
    Choose a wishlist
    <svg version="1.1" viewBox="0 0 16 21" class="icon svg-icon svg-fill" style="width:16px;height:21px;" data-v-344dcb9e><path fill="white" stroke="none" pid="0" d="M7.683 8.068a.658.658 0 00-.929-.001l-2.16 2.161-.848-.849a.657.657 0 00-.928.928L4.13 11.62a.66.66 0 00.928.001l2.625-2.625a.657.657 0 000-.928zm0 5.25a.658.658 0 00-.929-.001l-2.16 2.161-.848-.848a.657.657 0 00-.928.928l1.312 1.313a.654.654 0 00.928 0l2.625-2.625a.657.657 0 000-.928zm4.786-4.13H9.844a.656.656 0 000 1.312h2.625a.656.656 0 000-1.313zm0 5.25H9.844a.656.656 0 000 1.312h2.625a.656.656 0 000-1.313z"/><path fill="white" stroke="none" pid="1" d="M14.438 2.625h-2.626v-.656a.656.656 0 00-.656-.657H9.732A1.974 1.974 0 007.875 0C7.019 0 6.29.549 6.018 1.313H4.594a.656.656 0 00-.657.656v.656H1.313C.589 2.625 0 3.215 0 3.938v15.75C0 20.41.59 21 1.313 21h13.124c.724 0 1.313-.59 1.313-1.313V3.938c0-.723-.59-1.312-1.313-1.312zm-9.188 0h1.313a.656.656 0 00.656-.656.656.656 0 011.312 0c0 .362.294.656.656.656H10.5v1.313H5.25V2.625zm9.188 17.063H1.312V3.938h2.625v.656c0 .362.294.656.657.656h6.562a.656.656 0 00.656-.656v-.657h2.626v15.75z"/></svg> <div class="closing-icon" style="display:none;" data-v-344dcb9e><svg version="1.1" viewBox="0 0 18 18" class="remove-icon svg-icon svg-fill" style="width:10px;height:10px;" data-v-344dcb9e><path fill="#fff" stroke="none" pid="0" fill="#333" d="M17.755 1.814A.699.699 0 0018 1.273a.738.738 0 00-.245-.554.803.803 0 00-.573-.219.855.855 0 00-.587.219L9 7.905 1.39.719A.797.797 0 00.818.5a.855.855 0 00-.586.219.758.758 0 00-.232.554c0 .213.077.394.232.54L7.841 9l-7.61 7.173a.761.761 0 00-.231.554c0 .214.077.394.232.541.165.155.36.232.586.232a.78.78 0 00.573-.232L9 10.095l7.595 7.173c.165.155.36.232.587.232a.781.781 0 00.573-.232.697.697 0 00.245-.54c0-.215-.081-.4-.245-.555L10.159 9l7.596-7.186z" fill-rule="evenodd"/></svg></div></div> <div class="wishlist-item-wrapper" data-v-b9033f4a data-v-f16d327c><div class="scroll" data-v-b9033f4a><div data-v-9444bd58 data-v-b9033f4a></div> <!----></div> <div class="wishlist-dropdown-link" data-v-b9033f4a><div data-v-697dda27 data-v-b9033f4a><div class="wishlist-link" data-v-697dda27><a data-v-697dda27>Create new wishlist</a></div> <div class="wishlist-link" data-v-697dda27><a data-v-697dda27>Manage wishlists</a></div></div></div></div></div></div></div></div></div><div class="swiper-slide cms-product-cards-carousel-slide" data-v-6dc1bbe5><div class="product-card-container" data-v-4eb474b4 data-v-6dc1bbe5><div class="product-card-wrapper" data-v-4eb474b4><div class="product-card" data-v-4eb474b4><div data-v-4eb474b4><div class="wishlist-wrapper" data-v-2ece9c9d><div class="wishlist-banner" style="display:none;" data-v-2ece9c9d><span data-v-2ece9c9d>
            
        </span> <!----></div> <div class="wishlist-icon dense-grid-layout" style="display:none;" data-v-2ece9c9d><span style="display:none;" data-v-2ece9c9d>Add to wishlist</span> <svg version="1.1" viewBox="0 0 16 21" class="icon svg-icon svg-fill" style="width:16px;height:21px;" data-v-2ece9c9d><path fill="#737373" stroke="none" pid="0" d="M7.683 8.068a.658.658 0 00-.929-.001l-2.16 2.161-.848-.849a.657.657 0 00-.928.928L4.13 11.62a.66.66 0 00.928.001l2.625-2.625a.657.657 0 000-.928zm0 5.25a.658.658 0 00-.929-.001l-2.16 2.161-.848-.848a.657.657 0 00-.928.928l1.312 1.313a.654.654 0 00.928 0l2.625-2.625a.657.657 0 000-.928zm4.786-4.13H9.844a.656.656 0 000 1.312h2.625a.656.656 0 000-1.313zm0 5.25H9.844a.656.656 0 000 1.312h2.625a.656.656 0 000-1.313z"/><path fill="#737373" stroke="none" pid="1" d="M14.438 2.625h-2.626v-.656a.656.656 0 00-.656-.657H9.732A1.974 1.974 0 007.875 0C7.019 0 6.29.549 6.018 1.313H4.594a.656.656 0 00-.657.656v.656H1.313C.589 2.625 0 3.215 0 3.938v15.75C0 20.41.59 21 1.313 21h13.124c.724 0 1.313-.59 1.313-1.313V3.938c0-.723-.59-1.312-1.313-1.312zm-9.188 0h1.313a.656.656 0 00.656-.656.656.656 0 011.312 0c0 .362.294.656.656.656H10.5v1.313H5.25V2.625zm9.188 17.063H1.312V3.938h2.625v.656c0 .362.294.656.657.656h6.562a.656.656 0 00.656-.656v-.657h2.626v15.75z"/></svg></div></div> <!----></div> <div class="product-card-event-label-wrapper" data-v-4eb474b4><div class="event-label tiny text-only" data-v-e009e9de data-v-4eb474b4><!----> <div class="event-label-text" data-v-e009e9de><div class="event-label-text-title" data-v-e009e9de>
            Best Seller
        </div> <!----></div></div></div> <div class="product-card-content" data-v-4eb474b4><a href="/us_en/afeltra-100-italian-grain-rigatoni-35-3-oz" class="product-link" data-v-4eb474b4><div class="product-card-image-name-manufacturer" data-v-4eb474b4><div class="product-card-image" data-v-4eb474b4><img width="200" height="200" alt="100% Italian Grain Rigatoni 35.3 oz" src="https://www.eataly.com/media/catalog/product/5/1/512068-100_-italian-grain-rigatoni-35_3-oz-afeltra_thumb_1.jpg" loading="lazy" class="product-image" data-v-4eb474b4> <div class="product-badge product-badge product-badge--discount" data-v-608c9b3f data-v-4eb474b4><span data-v-608c9b3f>Offer -20%</span></div></div> <div class="name-manufacturer" data-v-4eb474b4><div data-test-e2e="product-card-product-name" class="product-card-name" data-v-4eb474b4><span data-v-4eb474b4>
                                    100% Italian Grain Rigatoni 35.3 oz
                                </span></div> <div class="product-card-manufacturer" data-v-4eb474b4><!----> <span data-v-4eb474b4>
                                    Afeltra
                                </span></div> <!----></div></div></a> <div class="product-card-price-add-info" data-v-4eb474b4><!----> <div class="add-info" data-v-4eb474b4><div class="product-card-info" data-v-4eb474b4><div class="item-info" data-v-4eb474b4><div data-v-4eb474b4>$0,40/Oz</div> <div data-v-4eb474b4>35.3 Oz</div></div> <div class="price" data-v-4eb474b4><div class="original-price" data-v-4eb474b4>
                                    $17.49
                                </div> <div class="final-price" data-v-4eb474b4>$13.99</div></div></div> <div class="product-card-add" data-v-4eb474b4><div data-test-e2e="add-to-cart-button" class="button-wrapper add-to-cart-button dense-grid-layout" data-v-1956333b data-v-4eb474b4><div data-test-e2e="add-to-cart-no-items" tabindex="0" role="button" class="button-no-items a11y-focus-standard" data-v-1956333b><!----> <div class="no-items-label dense-grid-layout" data-v-1956333b><svg version="1.1" viewBox="0 0 388 339" class="cart-icon svg-icon svg-fill" style="width:17px;height:15px;" data-v-1956333b><path fill="#fff" stroke="none" pid="0" id="Layer" fill-rule="evenodd" d="M128.11 224.12c-2.84 0-5.57 1.13-7.58 3.14a10.726 10.726 0 00-3.14 7.58c0 2.84 1.13 5.57 3.14 7.58 2.01 2.01 4.74 3.14 7.58 3.14h196.36c2.84 0 5.57 1.13 7.58 3.14 2.01 2.01 3.14 4.74 3.14 7.58s-1.13 5.57-3.14 7.58a10.726 10.726 0 01-7.58 3.14H128.11c-7.45.11-14.71-2.38-20.53-7.04a32.081 32.081 0 01-11.36-18.5 32.04 32.04 0 013-21.49c3.46-6.6 9.12-11.79 15.99-14.68-2.05-9.14-37.73-168.1-39.1-174.22H19.8c-2.84 0-5.57-1.13-7.58-3.14a10.726 10.726 0 01-3.14-7.58c0-2.84 1.13-5.57 3.14-7.58 2.01-2.01 4.74-3.14 7.58-3.14h65c1.22-.01 2.42.19 3.57.59 1.15.4 2.23.99 3.18 1.74.96.76 1.77 1.67 2.42 2.7.65 1.02 1.13 2.15 1.4 3.34l7.74 34.52h264.67a10.708 10.708 0 014.82 1.12c.75.37 1.46.83 2.1 1.36.64.53 1.22 1.13 1.73 1.79.5.66.93 1.37 1.26 2.13.34.75.59 1.55.74 2.36a10.555 10.555 0 01-.24 4.91l-43.31 150.13c-.33 1.12-.83 2.17-1.5 3.13-.66.95-1.48 1.8-2.41 2.49-.93.7-1.97 1.24-3.08 1.6-1.1.37-2.26.55-3.42.55H128.08l.03.03zm8.69-22.48h179.5L353.43 73H107.92l28.88 128.64z" fill="#000"/><path fill="#fff" stroke="none" pid="1" id="Layer" fill-rule="evenodd" d="M178.07 298.32c0 17.74-14.21 32.17-31.68 32.17s-31.68-14.43-31.68-32.17c0-17.74 14.21-32.17 31.68-32.17s31.68 14.43 31.68 32.17zm-27.98 9.94c1.18-.48 2.25-1.2 3.14-2.1.9-.89 1.62-1.96 2.1-3.14.49-1.17.74-2.43.74-3.7 0-3.92-2.36-7.44-5.98-8.94a9.66 9.66 0 00-10.54 2.1 9.66 9.66 0 00-2.1 10.54 9.672 9.672 0 008.94 5.98c1.27 0 2.53-.25 3.7-.74zM304.69 267c17.47 0 31.67 14.4 31.67 32.14 0 17.74-14.21 32.17-31.68 32.17S273 316.88 273 299.14c0-17.73 14.22-32.14 31.69-32.14zm-.3 22.71a9.7 9.7 0 00-3.68.73 9.534 9.534 0 00-3.12 2.08c-.9.89-1.6 1.95-2.09 3.12a9.7 9.7 0 00-.73 3.68 9.61 9.61 0 005.93 8.88c3.59 1.49 7.73.66 10.48-2.08a9.632 9.632 0 002.08-10.48 9.61 9.61 0 00-8.88-5.93h.01z" fill="#000"/></svg> <span class="cart-icon-text" data-v-1956333b>Add to cart</span></div></div></div></div></div></div></div></div> <div class="product-card-back" data-v-4eb474b4><div class="wishlist-drop-down-wrapper" style="display:none;" data-v-f16d327c data-v-4eb474b4><div class="wishlist-drop-down-banner" data-v-344dcb9e data-v-f16d327c>
    Choose a wishlist
    <svg version="1.1" viewBox="0 0 16 21" class="icon svg-icon svg-fill" style="width:16px;height:21px;" data-v-344dcb9e><path fill="white" stroke="none" pid="0" d="M7.683 8.068a.658.658 0 00-.929-.001l-2.16 2.161-.848-.849a.657.657 0 00-.928.928L4.13 11.62a.66.66 0 00.928.001l2.625-2.625a.657.657 0 000-.928zm0 5.25a.658.658 0 00-.929-.001l-2.16 2.161-.848-.848a.657.657 0 00-.928.928l1.312 1.313a.654.654 0 00.928 0l2.625-2.625a.657.657 0 000-.928zm4.786-4.13H9.844a.656.656 0 000 1.312h2.625a.656.656 0 000-1.313zm0 5.25H9.844a.656.656 0 000 1.312h2.625a.656.656 0 000-1.313z"/><path fill="white" stroke="none" pid="1" d="M14.438 2.625h-2.626v-.656a.656.656 0 00-.656-.657H9.732A1.974 1.974 0 007.875 0C7.019 0 6.29.549 6.018 1.313H4.594a.656.656 0 00-.657.656v.656H1.313C.589 2.625 0 3.215 0 3.938v15.75C0 20.41.59 21 1.313 21h13.124c.724 0 1.313-.59 1.313-1.313V3.938c0-.723-.59-1.312-1.313-1.312zm-9.188 0h1.313a.656.656 0 00.656-.656.656.656 0 011.312 0c0 .362.294.656.656.656H10.5v1.313H5.25V2.625zm9.188 17.063H1.312V3.938h2.625v.656c0 .362.294.656.657.656h6.562a.656.656 0 00.656-.656v-.657h2.626v15.75z"/></svg> <div class="closing-icon" style="display:none;" data-v-344dcb9e><svg version="1.1" viewBox="0 0 18 18" class="remove-icon svg-icon svg-fill" style="width:10px;height:10px;" data-v-344dcb9e><path fill="#fff" stroke="none" pid="0" fill="#333" d="M17.755 1.814A.699.699 0 0018 1.273a.738.738 0 00-.245-.554.803.803 0 00-.573-.219.855.855 0 00-.587.219L9 7.905 1.39.719A.797.797 0 00.818.5a.855.855 0 00-.586.219.758.758 0 00-.232.554c0 .213.077.394.232.54L7.841 9l-7.61 7.173a.761.761 0 00-.231.554c0 .214.077.394.232.541.165.155.36.232.586.232a.78.78 0 00.573-.232L9 10.095l7.595 7.173c.165.155.36.232.587.232a.781.781 0 00.573-.232.697.697 0 00.245-.54c0-.215-.081-.4-.245-.555L10.159 9l7.596-7.186z" fill-rule="evenodd"/></svg></div></div> <div class="wishlist-item-wrapper" data-v-b9033f4a data-v-f16d327c><div class="scroll" data-v-b9033f4a><div data-v-9444bd58 data-v-b9033f4a></div> <!----></div> <div class="wishlist-dropdown-link" data-v-b9033f4a><div data-v-697dda27 data-v-b9033f4a><div class="wishlist-link" data-v-697dda27><a data-v-697dda27>Create new wishlist</a></div> <div class="wishlist-link" data-v-697dda27><a data-v-697dda27>Manage wishlists</a></div></div></div></div></div></div></div></div></div></div> <div class="swiper-pagination cms-product-cards-carousel-pagination" data-v-6dc1bbe5></div></div> <div class="swiper-navigation cms-product-cards-carousel-navigation nav-11" data-v-6dc1bbe5><div tabindex="-1" class="swiper-button-prev swiper-button"><svg version="1.1" viewBox="0 0 12 23" aria-label="Go to previous" class="svg-icon svg-fill"><path fill="#fff" stroke="none" pid="0" d="M.87 22.187a.75.75 0 01-.125-.971l.068-.088 8.549-9.522L.856 2.13a.75.75 0 01-.02-.979l.077-.08a.75.75 0 01.979-.02l.08.077 9.407 10.477-9.45 10.525a.75.75 0 01-1.059.057z" fill="#333" fill-rule="nonzero"/></svg></div> <div tabindex="-1" class="swiper-button-next swiper-button"><svg version="1.1" viewBox="0 0 12 23" aria-label="Go next" class="svg-icon svg-fill"><path fill="#fff" stroke="none" pid="0" d="M.87 22.187a.75.75 0 01-.125-.971l.068-.088 8.549-9.522L.856 2.13a.75.75 0 01-.02-.979l.077-.08a.75.75 0 01.979-.02l.08.077 9.407 10.477-9.45 10.525a.75.75 0 01-1.059.057z" fill="#333" fill-rule="nonzero"/></svg></div></div></div> <a href="/us_en/nationwide-shipping/best-sellers" class="cms-product-cards-link" data-v-a90af9e0 data-v-a90af9e0 data-v-6dc1bbe5><span data-v-a90af9e0>SHOP BEST SELLERS</span></a></div></div><div index="12" class="prismic-dynamic-component" data-v-3721f2b3><div class="single-content cms-content" data-v-3721f2b3><div class="single-content-primary" data-v-3721f2b3><!----> <div class="single-content-title single-content-title-center" data-v-3721f2b3 data-v-3721f2b3><h2>CLASSES &amp; EVENTS</h2></div> <div class="single-content-flex-wrapper bottom single-content-image-center" data-v-3721f2b3><div class="single-content-text single-content-text-center" data-v-3721f2b3 data-v-3721f2b3><p>From hands-on pasta-making classes to storewide wine tastings, explore our calendar of immersive experiences.</p></div> <img width="975" height="400" src="https://images.prismic.io/eataly-us/ZvW4I7VsGrYSwDTq_ENET_October_2024_ImageBanner.jpg?auto=format,compress" alt="Classes &amp; Events" class="single-content-image center" data-v-3721f2b3 data-v-3721f2b3></div> <!----> <a href="/us_en/classes-and-events" class="single-content-cta as-button single-content-cta-center" data-v-a90af9e0 data-v-a90af9e0 data-v-3721f2b3><span data-v-a90af9e0>EXPLORE YOUR STORE</span></a></div></div></div><div index="13" class="prismic-dynamic-component" data-v-5ca0e040><div class="linked-images-boxes linked-images-boxes-line-by-line" style="background-color:#fff;" data-v-5ca0e040><div class="linked-images-boxes-wrapper" data-v-5ca0e040><div class="linked-images-boxes-title" data-v-5ca0e040 data-v-5ca0e040><h2>ENTERTAIN WITH EATALY</h2></div> <div class="linked-images-boxes-description" data-v-5ca0e040 data-v-5ca0e040></div> <ul class="cards cards-cols2" data-v-5ca0e040><li class="card card-rectangular card-centered" data-v-5ca0e040><div class="card-inner" data-v-76b70c1c data-v-5ca0e040><a href="/us_en/private-dining-experiences" data-v-a90af9e0 data-v-a90af9e0 data-v-76b70c1c><div class="card-header" data-v-76b70c1c><figure data-v-76b70c1c><img width="970" height="472" loading="lazy" src="https://images.prismic.io/eataly-us/ZvW4JLVsGrYSwDTr_ENET_October_2024_LinkedBox_01.jpg?auto=format,compress&amp;rect=0,0,970,472&amp;w=970&amp;h=472" alt="PRIVATE DINING &amp; EVENTS" class="linked-images-boxes-image" data-v-76b70c1c></figure> <div class="card-title" data-v-76b70c1c><h2>PRIVATE DINING &amp; EVENTS</h2></div></div> <div class="card-text" data-v-76b70c1c><p>Whether youre hosting a birthday dinner for 12 or a celebration for 300, well help you design the party of your dreams.</p></div></a> <a href="/us_en/private-dining-experiences" class="card-cta as-button" data-v-a90af9e0 data-v-a90af9e0 data-v-76b70c1c><span data-v-a90af9e0>HOST AT EATALY</span></a></div></li><li class="card card-rectangular card-centered" data-v-5ca0e040><div class="card-inner" data-v-76b70c1c data-v-5ca0e040><a href="/us_en/catering" target="_blank" data-v-a90af9e0 data-v-a90af9e0 data-v-76b70c1c><div class="card-header" data-v-76b70c1c><figure data-v-76b70c1c><img width="970" height="472" loading="lazy" src="https://images.prismic.io/eataly-us/aFHCz7NJEFaPYCpV_Catering_970x472.jpg?auto=format,compress&amp;rect=0,0,970,472&amp;w=970&amp;h=472" alt="Eataly Catering" class="linked-images-boxes-image" data-v-76b70c1c></figure> <div class="card-title" data-v-76b70c1c><h2>CATER YOUR FEAST</h2></div></div> <div class="card-text" data-v-76b70c1c><p>Host the easy way. From breakfast to <em>aperitivo </em>and dinner parties, we&#39;ll deliver an authentic Italian experience.</p></div></a> <a href="/us_en/catering" target="_blank" class="card-cta as-button" data-v-a90af9e0 data-v-a90af9e0 data-v-76b70c1c><span data-v-a90af9e0>GET IN TOUCH</span></a></div></li></ul> <!----></div></div></div><div index="14" class="prismic-dynamic-component" data-v-3721f2b3><div class="single-content cms-content" data-v-3721f2b3><div class="single-content-primary" data-v-3721f2b3><!----> <div class="single-content-title single-content-title-center" data-v-3721f2b3 data-v-3721f2b3><h2>Enjoy $25 off your first Instacart order with Eataly when you spend $75 or more*</h2></div> <div class="single-content-flex-wrapper bottom single-content-image-center" data-v-3721f2b3><div class="single-content-text single-content-text-center" data-v-3721f2b3 data-v-3721f2b3><p>Lucky enough to live near one of our stores, but can&#39;t make it in? We&#39;ve got you covered! Get store to door delivery in as little as 1 hour with Instacart.</p></div> <img width="974" height="400" src="https://images.prismic.io/eataly-us/Zmce8Jm069VX1m1t_InstacartPromo_2024_Web-ImageBanner.jpg?auto=format,compress?auto=compress,format" alt="Eataly X Instacart" class="single-content-image center" data-v-3721f2b3 data-v-3721f2b3></div> <div class="multiple-content multiple-content-adaptive" data-v-3721f2b3><div class="multiple-content-item" data-v-3721f2b3><div class="repeatable-single-content"><div class="repeatable-single-content-primary"><!----> <div class="repeatable-single-content-inner"><!----> <div class="repeatable-single-content-inner-text repeatable-single-content-inner-text-center"><p><em>*Offer valid only on orders totaling $75 or more and is applicable only on your first-ever order with Eataly on Instacart. Valid through December 31, 2025. Visit instacart.com for more details.</em></p></div> <!----></div></div></div></div></div> <a href="https://www.instacart.com/eataly" target="_blank" class="single-content-cta as-button single-content-cta-left" data-v-a90af9e0 data-v-3721f2b3><span data-v-a90af9e0>GET STARTED</span></a></div></div></div><div index="15" data-fetch-key="data-v-6dc99146:0" class="content-news prismic-dynamic-component carousel-cms-magazine-204688" data-v-6dc99146><div class="content-news-title" data-v-6dc99146 data-v-6dc99146><h2>EATALY MAGAZINE</h2></div> <!----> <div class="content-news-articles content-news-articles-cols3" data-v-6dc99146><div class="content-news-article" data-v-6dc99146><div class="news-card" data-v-8825cb7e data-v-6dc99146><div class="news-card-image" data-v-8825cb7e><a href="/us_en/magazine/culture-and-tradition/christmas-italy-food-traditions" tabindex="-1" data-v-8825cb7e><img width="485" height="262" loading="lazy" src="https://images.prismic.io/eataly-us/a81a63e3-5d19-422d-840c-7441fec0f9d3_Holiday_instudio_Truffle_Tagliatelle.jpg?auto=compress,format&amp;rect=0,583,900,486&amp;w=485&amp;h=262" alt="" data-v-8825cb7e> <!----></a></div> <div class="news-card-content" data-v-8825cb7e><div class="news-card-title" data-v-8825cb7e><a href="/us_en/magazine/culture-and-tradition/christmas-italy-food-traditions" data-v-8825cb7e><!----> <div data-v-8825cb7e><h2>Italian Christmas Food &amp; Traditions</h2></div></a></div> <div class="news-card-text" data-v-8825cb7e><div data-v-8825cb7e data-v-8825cb7e><p>Each of Italys regions boasts unique culinary traditions that draw on its terrain and readily-available ingredients  even at this time of year.</p></div></div> <!----></div></div></div><div class="content-news-article" data-v-6dc99146><div class="news-card" data-v-8825cb7e data-v-6dc99146><div class="news-card-image" data-v-8825cb7e><a href="/us_en/magazine/recipes/cocktail-ideas/mulled-wine-vin-brule" tabindex="-1" data-v-8825cb7e><img width="485" height="262" loading="lazy" src="https://images.prismic.io/eataly-us/4cfe60ef-c31a-4329-80f0-e7c290b9789c_vin-brule-mulled-wine.jpg?auto=compress,format&amp;rect=0,48,750,405&amp;w=485&amp;h=262" alt="Mulled wine" data-v-8825cb7e> <!----></a></div> <div class="news-card-content" data-v-8825cb7e><div class="news-card-title" data-v-8825cb7e><a href="/us_en/magazine/recipes/cocktail-ideas/mulled-wine-vin-brule" data-v-8825cb7e><!----> <div data-v-8825cb7e><h2>Vin Brul Recipe</h2></div></a></div> <div class="news-card-text" data-v-8825cb7e><div data-v-8825cb7e data-v-8825cb7e><p>Spiced and steaming, mulled wine is a staple ofoutdoorChristmas markets, where shoppers brave the cold for festive gifts, and cozy dinner parties alike.</p></div></div> <!----></div></div></div><div class="content-news-article" data-v-6dc99146><div class="news-card" data-v-8825cb7e data-v-6dc99146><div class="news-card-image" data-v-8825cb7e><a href="/us_en/magazine/culture-and-tradition/italian-new-year-traditions" tabindex="-1" data-v-8825cb7e><img width="485" height="262" loading="lazy" src="https://images.prismic.io/eataly-us/1754747a-8b69-4e39-bea9-369b1a5ed2c3_wine-celebration.jpeg?auto=format,compress&amp;rect=0,364,5760,3112&amp;w=485&amp;h=262" alt="" data-v-8825cb7e> <!----></a></div> <div class="news-card-content" data-v-8825cb7e><div class="news-card-title" data-v-8825cb7e><a href="/us_en/magazine/culture-and-tradition/italian-new-year-traditions" data-v-8825cb7e><!----> <div data-v-8825cb7e><h2>Italian New Year&#39;s Eve Traditions</h2></div></a></div> <div class="news-card-text" data-v-8825cb7e><div data-v-8825cb7e data-v-8825cb7e><p>Did someone say throwing things out a window?</p></div></div> <!----></div></div></div></div> <div class="content-news-cta as-button" data-v-6dc99146><a href="/us_en/magazine" data-v-a90af9e0 data-v-a90af9e0 data-v-6dc99146><span data-v-a90af9e0>MORE STORIES</span></a></div></div><div index="16" class="prismic-dynamic-component" data-v-4cef88ee><div class="store-carousel store_carouselceb8fc96-ffcd-45d9-ac96-af08e2800188" data-v-4cef88ee><div class="store-carousel-title" data-v-4cef88ee data-v-4cef88ee><h2>EXPLORE YOUR STORE</h2></div> <div class="store-carousel-description" data-v-4cef88ee data-v-4cef88ee></div> <div class="store-carousel-inner-wrapper" data-v-4cef88ee><div class="store-carousel-gallery-wrapper" data-v-4cef88ee><div class="swiper-wrapper store-carousel-gallery" data-v-4cef88ee><div class="store-carousel-gallery-item swiper-slide" data-v-4cef88ee><a href="/us_en/new-york-city" data-v-a90af9e0 data-v-a90af9e0 data-v-4cef88ee><figure class="store-carousel-image" data-v-4cef88ee><img loading="lazy" width="300" height="300" src="https://images.prismic.io/eataly-us/Z3bEnJbqstJ98_nC_NYC.jpg?auto=format,compress&amp;rect=0,0,300,300&amp;w=300&amp;h=300" alt="" data-v-4cef88ee></figure> <figcaption class="store-carousel-caption" data-v-4cef88ee><div data-v-4cef88ee></div></figcaption></a></div><div class="store-carousel-gallery-item swiper-slide" data-v-4cef88ee><a href="/us_en/stores/west-palm-beach" data-v-a90af9e0 data-v-a90af9e0 data-v-4cef88ee><figure class="store-carousel-image" data-v-4cef88ee><img loading="lazy" width="300" height="300" src="https://images.prismic.io/eataly-us/aTL3x3NYClf9n3J4_Store-Carousel-Name-Block-WPB_NEW-2.jpg?auto=format,compress&amp;rect=0,0,300,300&amp;w=300&amp;h=300" alt="" data-v-4cef88ee></figure> <figcaption class="store-carousel-caption" data-v-4cef88ee><div data-v-4cef88ee></div></figcaption></a></div><div class="store-carousel-gallery-item swiper-slide" data-v-4cef88ee><a href="/us_en/stores/king-prussia" data-v-a90af9e0 data-v-a90af9e0 data-v-4cef88ee><figure class="store-carousel-image" data-v-4cef88ee><img loading="lazy" width="300" height="300" src="https://images.prismic.io/eataly-us/aTL3aXNYClf9n3Jg_Store-Carousel-Name-Block_EKP.jpg?auto=format,compress&amp;rect=0,0,300,300&amp;w=300&amp;h=300" alt="" data-v-4cef88ee></figure> <figcaption class="store-carousel-caption" data-v-4cef88ee><div data-v-4cef88ee></div></figcaption></a></div><div class="store-carousel-gallery-item swiper-slide" data-v-4cef88ee><a href="/us_en/stores/aventura" data-v-a90af9e0 data-v-a90af9e0 data-v-4cef88ee><figure class="store-carousel-image" data-v-4cef88ee><img loading="lazy" width="300" height="300" src="https://images.prismic.io/eataly-us/aOf-NZ5xUNkB1zKm_Store-Carousel-Name-Block_Miami_300x300.jpg?auto=format,compress&amp;rect=0,0,300,300&amp;w=300&amp;h=300" alt="" data-v-4cef88ee></figure> <figcaption class="store-carousel-caption" data-v-4cef88ee><div data-v-4cef88ee></div></figcaption></a></div><div class="store-carousel-gallery-item swiper-slide" data-v-4cef88ee><a href="/us_en/stores/short-hills" data-v-a90af9e0 data-v-a90af9e0 data-v-4cef88ee><figure class="store-carousel-image" data-v-4cef88ee><img loading="lazy" width="300" height="300" src="https://images.prismic.io/eataly-us/aEnEbrNJEFaPX4Jw_Store-Carousel-Name-Block_New-Jersey_300x300.jpg?auto=format,compress&amp;rect=0,0,300,300&amp;w=300&amp;h=300" alt="" data-v-4cef88ee></figure> <figcaption class="store-carousel-caption" data-v-4cef88ee><div data-v-4cef88ee></div></figcaption></a></div><div class="store-carousel-gallery-item swiper-slide" data-v-4cef88ee><a href="/us_en/stores/boston" data-v-a90af9e0 data-v-a90af9e0 data-v-4cef88ee><figure class="store-carousel-image" data-v-4cef88ee><img loading="lazy" width="300" height="300" src="https://images.prismic.io/eataly-us/Z3bEmJbqstJ98_m9_Boston.jpg?auto=format,compress&amp;rect=0,0,300,300&amp;w=300&amp;h=300" alt="" data-v-4cef88ee></figure> <figcaption class="store-carousel-caption" data-v-4cef88ee><div data-v-4cef88ee></div></figcaption></a></div><div class="store-carousel-gallery-item swiper-slide" data-v-4cef88ee><a href="/us_en/stores/chicago" data-v-a90af9e0 data-v-a90af9e0 data-v-4cef88ee><figure class="store-carousel-image" data-v-4cef88ee><img loading="lazy" width="300" height="300" src="https://images.prismic.io/eataly-us/Z3bEmZbqstJ98_m-_Chicago.jpg?auto=format,compress&amp;rect=0,0,300,300&amp;w=300&amp;h=300" alt="" data-v-4cef88ee></figure> <figcaption class="store-carousel-caption" data-v-4cef88ee><div data-v-4cef88ee></div></figcaption></a></div><div class="store-carousel-gallery-item swiper-slide" data-v-4cef88ee><a href="/us_en/stores/dallas" data-v-a90af9e0 data-v-a90af9e0 data-v-4cef88ee><figure class="store-carousel-image" data-v-4cef88ee><img loading="lazy" width="300" height="300" src="https://images.prismic.io/eataly-us/Z3bE3JbqstJ98_nR_Dallas.jpg?auto=format,compress&amp;rect=0,0,300,300&amp;w=300&amp;h=300" alt="" data-v-4cef88ee></figure> <figcaption class="store-carousel-caption" data-v-4cef88ee><div data-v-4cef88ee></div></figcaption></a></div><div class="store-carousel-gallery-item swiper-slide" data-v-4cef88ee><a href="/us_en/stores/los-angeles" data-v-a90af9e0 data-v-a90af9e0 data-v-4cef88ee><figure class="store-carousel-image" data-v-4cef88ee><img loading="lazy" width="300" height="300" src="https://images.prismic.io/eataly-us/Z3bEm5bqstJ98_nB_LosAngeles.jpg?auto=format,compress&amp;rect=0,0,300,300&amp;w=300&amp;h=300" alt="" data-v-4cef88ee></figure> <figcaption class="store-carousel-caption" data-v-4cef88ee><div data-v-4cef88ee></div></figcaption></a></div><div class="store-carousel-gallery-item swiper-slide" data-v-4cef88ee><a href="/us_en/stores/silicon-valley" data-v-a90af9e0 data-v-a90af9e0 data-v-4cef88ee><figure class="store-carousel-image" data-v-4cef88ee><img loading="lazy" width="300" height="300" src="https://images.prismic.io/eataly-us/Z3bEnpbqstJ98_nE_SiliconValley.jpg?auto=format,compress&amp;rect=0,0,300,300&amp;w=300&amp;h=300" alt="" data-v-4cef88ee></figure> <figcaption class="store-carousel-caption" data-v-4cef88ee><div data-v-4cef88ee></div></figcaption></a></div><div class="store-carousel-gallery-item swiper-slide" data-v-4cef88ee><a href="/us_en/stores/las-vegas" data-v-a90af9e0 data-v-a90af9e0 data-v-4cef88ee><figure class="store-carousel-image" data-v-4cef88ee><img loading="lazy" width="300" height="300" src="https://images.prismic.io/eataly-us/Z3bEmpbqstJ98_nA_LasVegas.jpg?auto=format,compress&amp;rect=0,0,300,300&amp;w=300&amp;h=300" alt="" data-v-4cef88ee></figure> <figcaption class="store-carousel-caption" data-v-4cef88ee><div data-v-4cef88ee></div></figcaption></a></div></div></div> <div class="swiper-navigation store-carousel-navigation" data-v-4cef88ee><div tabindex="-1" class="swiper-button-prev swiper-button"><svg version="1.1" viewBox="0 0 12 23" aria-label="Go to previous" class="svg-icon svg-fill"><path fill="#fff" stroke="none" pid="0" d="M.87 22.187a.75.75 0 01-.125-.971l.068-.088 8.549-9.522L.856 2.13a.75.75 0 01-.02-.979l.077-.08a.75.75 0 01.979-.02l.08.077 9.407 10.477-9.45 10.525a.75.75 0 01-1.059.057z" fill="#333" fill-rule="nonzero"/></svg></div> <div tabindex="-1" class="swiper-button-next swiper-button"><svg version="1.1" viewBox="0 0 12 23" aria-label="Go next" class="svg-icon svg-fill"><path fill="#fff" stroke="none" pid="0" d="M.87 22.187a.75.75 0 01-.125-.971l.068-.088 8.549-9.522L.856 2.13a.75.75 0 01-.02-.979l.077-.08a.75.75 0 01.979-.02l.08.077 9.407 10.477-9.45 10.525a.75.75 0 01-1.059.057z" fill="#333" fill-rule="nonzero"/></svg></div></div></div></div></div><div index="17" class="prismic-dynamic-component" data-v-6a884e89><div class="single-content text-column" data-v-6a884e89><div class="single-content-primary" data-v-6a884e89><div class="single-content-title single-content-title-center" data-v-6a884e89 data-v-6a884e89><h2>OUR PARTNERS</h2></div> <!----> <!----> <!----></div></div></div><div index="18" class="prismic-dynamic-component" data-v-24ea613e><div class="cms-image-wrapper" data-v-24ea613e><div class="cms-image" data-v-24ea613e><div class="cms-image-flex-wrapper center" data-v-24ea613e><figure class="cms-image-item" data-v-24ea613e><a href="/us_en/magazine/culture-and-tradition/italian-trade-agency" data-v-a90af9e0 data-v-a90af9e0 data-v-24ea613e><img width="1230" height="250" src="https://images.prismic.io/eataly-us/aNvpZ55xUNkB1R3G_ITA_WebBanner_Updated.jpg?auto=format,compress" alt="" data-v-24ea613e></a></figure></div></div></div></div><div index="19" class="prismic-dynamic-component" data-v-24ea613e><div class="cms-image-wrapper" data-v-24ea613e><div class="cms-image" data-v-24ea613e><div class="cms-image-flex-wrapper center" data-v-24ea613e><figure class="cms-image-item" data-v-24ea613e><a href="https://www.msccruisesusa.com/cruise/ships/msc-world-america?utm_source=eataly&amp;utm_medium=partnerships_native&amp;utm_campaign=usa-en-all-eataly_homepage_banner&amp;utm_content=_11122024" target="_blank" data-v-a90af9e0 data-v-24ea613e><img width="1230" height="250" src="https://images.prismic.io/eataly-us/aB5wzSdWJ-7kR2pf_MSCEATALY_1230x250DigitalBanner-1-.png?auto=format,compress" alt="MSC Eataly Banner" data-v-a90af9e0 data-v-24ea613e></a></figure></div></div></div></div><div index="20" class="prismic-dynamic-component" data-v-6a884e89><div class="single-content text-column" data-v-6a884e89><div class="single-content-primary" data-v-6a884e89><!----> <div class="single-text" data-v-6a884e89><div class="single-text-content single-text-content-center" data-v-6a884e89 data-v-6a884e89><p>Assortment, availability, pricing, and promotional offers on Eataly.com are exclusively applicable online and may differ from those available in our physical stores.</p></div></div> <!----> <!----></div></div></div><div index="21" class="prismic-dynamic-component" data-v-3721f2b3><div class="single-content cms-content" data-v-3721f2b3><div class="single-content-primary" data-v-3721f2b3><!----> <!----> <div class="single-content-flex-wrapper bottom single-content-image-left" data-v-3721f2b3><!----> <img width="975" height="400" src="https://images.prismic.io/eataly-us/aSdgMmGnmrmGqX_j_Website_Banner.gif?auto=format,compress" alt="" class="single-content-image center" data-v-3721f2b3 data-v-3721f2b3></div> <div class="multiple-content multiple-content-adaptive" data-v-3721f2b3><div class="multiple-content-item" data-v-3721f2b3><!----></div></div> <!----></div></div></div><div index="22" class="prismic-dynamic-component" data-v-72432489><div class="newsletter" data-v-72432489><div class="newsletter-inner" data-v-72432489><div class="newsletter-info" data-v-72432489><div class="newsletter-title" data-v-72432489 data-v-72432489><h2>Eataly Insider Access</h2></div> <div class="newsletter-disclaim" data-v-72432489 data-v-72432489><p>Be the first to hear about new products, store happenings, promotions, and more. Plus, create an account to receive 15% off your first purchase and receive a free digital cookbook.</p></div> <div class="newsletter-info-wrapper" data-v-72432489><div class="newsletter-info-item" data-v-72432489><svg version="1.1" viewBox="0 0 31 32" class="svg-icon svg-fill" data-v-72432489><g fill="#f8ae00"><path fill="#f8ae00" stroke="none" pid="0" d="M23.2 12.8l-4.7-.7-2.1-4.4c-.2-.4-.5-.6-.9-.6s-.7.2-.9.6l-2.1 4.4-4.7.7c-.4.1-.7.3-.9.7-.1.4 0 .8.3 1.1l3.4 3.4-.8 4.9c-.1.4.1.8.4 1.1.2.1.4.2.6.2.2 0 .4 0 .5-.1l4.2-2.3 4.2 2.3c.4.2.8.2 1.1 0 .3-.2.5-.6.4-1.1l-.8-4.9 3.4-3.4c.3-.3.4-.7.3-1.1-.1-.4-.4-.7-.9-.8zm-10.9 5.5c.1-.5-.1-1-.4-1.4l-2.5-2.5 3.5-.5c.5-.1.9-.4 1.2-.9l1.5-3.2L17 13c.2.4.7.8 1.2.9l3.5.5-2.5 2.5c-.3.3-.5.9-.4 1.4l.6 3.6-3.1-1.7c-.4-.2-1-.2-1.4 0l-3.1 1.7.5-3.6z"/><path fill="#f8ae00" stroke="none" pid="1" d="M15.5.9C7.4.9.9 7.7.9 16s6.6 15.1 14.6 15.1c8.1 0 14.6-6.8 14.6-15.1S23.6.9 15.5.9zm0 28.5c-7.1 0-12.9-6-12.9-13.4S8.4 2.6 15.5 2.6c7.1 0 12.9 6 12.9 13.4s-5.8 13.4-12.9 13.4z"/></g></svg> <span class="newsletter-info-item-label" data-v-72432489>
                            News
                        </span></div><div class="newsletter-info-item" data-v-72432489><svg version="1.1" viewBox="0 0 33 33" class="svg-icon svg-fill" data-v-72432489><path fill="#f8ae00" stroke="none" pid="0" fill="#F8AE00" fill-rule="nonzero" d="M14.402 1.195a2.986 2.986 0 013.898-.126l.145.126 2.035 1.89a1 1 0 00.692.265l.13-.01 2.804-.38c1.501-.204 2.887.714 3.234 2.11l.036.17.49 2.677a.932.932 0 00.397.605l.11.065 2.502 1.274c1.34.682 1.898 2.206 1.324 3.53l-.075.159-1.243 2.441a.903.903 0 00-.05.714l.05.115 1.243 2.442c.666 1.307.185 2.855-1.092 3.603l-.157.086-2.502 1.274a.949.949 0 00-.477.55l-.03.12-.49 2.677c-.262 1.433-1.6 2.414-3.09 2.299l-.18-.02-2.804-.38a1.009 1.009 0 00-.723.176l-.099.08-2.035 1.89a2.965 2.965 0 01-2.022.789 2.965 2.965 0 01-1.846-.64l-.175-.15-2.035-1.889a1 1 0 00-.693-.265l-.129.01-2.804.38c-.14.019-.28.028-.417.028-1.332 0-2.5-.87-2.816-2.133l-.037-.175-.49-2.677a.932.932 0 00-.397-.605l-.11-.065-2.502-1.274C.632 22.269.073 20.745.648 19.42l.075-.158 1.243-2.442a.901.901 0 00.05-.713l-.05-.115L.723 13.55c-.666-1.307-.185-2.855 1.092-3.603l.157-.086 2.502-1.274c.23-.117.4-.314.477-.55l.03-.12.49-2.677c.262-1.433 1.6-2.414 3.09-2.299l.18.02 2.804.38c.26.035.517-.029.723-.176l.099-.08 2.035-1.89zm2.705 1.327a1.008 1.008 0 00-1.267-.082l-.1.082-2.036 1.89c-.6.555-1.4.833-2.222.777l-.206-.02-2.805-.382a.98.98 0 00-1.08.666l-.026.106-.49 2.677a2.766 2.766 0 01-1.333 1.89l-.167.092-2.502 1.273a.924.924 0 00-.47 1.14l.047.108 1.244 2.442a2.67 2.67 0 01.085 2.268l-.085.182-1.244 2.441a.918.918 0 00.32 1.188l.103.06 2.502 1.274a2.791 2.791 0 011.461 1.801l.04.181.49 2.677c.085.468.51.794.993.78l.113-.009 2.804-.38a2.89 2.89 0 01.414-.028c.674 0 1.322.223 1.845.639l.17.146 2.035 1.89a1.01 1.01 0 001.267.08l.1-.08 2.036-1.89a2.959 2.959 0 012.222-.778l.206.02 2.804.381a.98.98 0 001.081-.666l.026-.105.49-2.677a2.766 2.766 0 011.333-1.89l.167-.092 2.502-1.274a.923.923 0 00.469-1.14l-.047-.108-1.243-2.441a2.665 2.665 0 01-.085-2.269l.085-.181 1.243-2.442a.915.915 0 00-.319-1.187l-.103-.06-2.502-1.274a2.795 2.795 0 01-1.462-1.802l-.039-.18-.49-2.677a.968.968 0 00-.993-.78l-.113.008-2.804.381a2.968 2.968 0 01-2.274-.624l-.154-.133-2.036-1.89zm3.163 15.422c1.945 0 3.527 1.518 3.527 3.384 0 1.865-1.582 3.383-3.527 3.383-1.944 0-3.526-1.518-3.526-3.383 0-1.866 1.582-3.384 3.526-3.384zm1.82-8.28a.99.99 0 011.36 0 .893.893 0 01.08 1.217l-.08.087-12.694 12.18a.98.98 0 01-.68.271.98.98 0 01-.68-.27.896.896 0 01-.08-1.218l.08-.087L22.09 9.664zM20.27 19.79c-.884 0-1.603.69-1.603 1.538 0 .848.72 1.538 1.603 1.538.884 0 1.603-.69 1.603-1.538 0-.849-.719-1.538-1.603-1.538zM12.577 8.1c1.944 0 3.526 1.519 3.526 3.384 0 1.866-1.582 3.384-3.526 3.384-1.945 0-3.527-1.518-3.527-3.384 0-1.865 1.582-3.383 3.527-3.383zm0 1.846c-.884 0-1.603.69-1.603 1.538 0 .848.719 1.538 1.603 1.538.883 0 1.602-.69 1.602-1.538 0-.848-.719-1.538-1.602-1.538z"/></svg> <span class="newsletter-info-item-label" data-v-72432489>
                            Promotions
                        </span></div><div class="newsletter-info-item" data-v-72432489><svg version="1.1" viewBox="0 0 28 27" class="svg-icon svg-fill" data-v-72432489><path fill="#f8ae00" stroke="none" pid="0" fill="#F8AE00" fill-rule="nonzero" d="M19.717.117c.487 0 .9.38.956.857l.006.112V2.26h4.054a3.13 3.13 0 013.116 2.936l.005.175v18.4a3.136 3.136 0 01-2.944 3.136l-.177.005H3.267c-1.662 0-3.024-1.313-3.116-2.962l-.005-.178V5.4A3.135 3.135 0 013.09 2.265l.177-.005H7.35V1.086c0-.528.438-.969.962-.969.488 0 .9.38.956.857l.007.112V2.26h9.48V1.086c0-.528.437-.969.962-.969zM25.9 11.299H2.07v12.443c0 .606.488 1.108 1.077 1.168l.12.006h21.466c.63 0 1.13-.464 1.19-1.054l.006-.12H25.9V11.3zm-8.342 3.522a.966.966 0 011.371-.059c.377.352.43.904.139 1.287l-.08.092-5.25 5.635a.93.93 0 01-.7.323.93.93 0 01-.62-.24l-.08-.083-3.15-3.375c-.35-.381-.321-.998.058-1.38a.99.99 0 011.28-.022l.09.081 2.422 2.612 4.52-4.871zM7.321 4.197H3.267c-.63 0-1.13.464-1.19 1.054l-.006.12v3.962H25.9V5.371c0-.606-.487-1.108-1.077-1.168l-.119-.006H20.65v1.174a.974.974 0 01-.962.968c-.488 0-.9-.38-.956-.857l-.007-.111V4.197h-9.48v1.174a.973.973 0 01-.962.968c-.487 0-.9-.38-.956-.857l-.006-.111V4.197z"/></svg> <span class="newsletter-info-item-label" data-v-72432489>
                            Events
                        </span></div><div class="newsletter-info-item" data-v-72432489><svg version="1.1" viewBox="0 0 33 31" class="svg-icon svg-fill" data-v-72432489><path fill="#f8ae00" stroke="none" pid="0" fill="#F8AE00" fill-rule="nonzero" stroke="#F8AE00" stroke-width=".2" d="M31.225 1a.78.78 0 01.548.223.76.76 0 01.217.42l.01.12v25.184c-.002 1.625-1.292 2.953-2.918 3.048L28.9 30H4.875c-2.072-.002-3.764-1.604-3.87-3.62L1 26.184V7.868c0-.202.081-.396.227-.54a.78.78 0 01.426-.213l.122-.01H7.2V1.763c0-.202.081-.396.227-.54a.788.788 0 01.426-.214L7.975 1h23.25zM7.2 8.632H2.55v17.552c0 1.265 1.04 2.29 2.325 2.29 1.23 0 2.238-.942 2.32-2.133l.005-.157V8.632zm23.25-6.106H8.75v23.658a3.737 3.737 0 01-.648 2.088l-.146.202H28.9c.808 0 1.472-.61 1.544-1.388l.006-.139V2.527zm-3.875 21.369c.428 0 .775.341.775.763a.767.767 0 01-.67.756l-.105.007h-13.95a.77.77 0 01-.775-.763c0-.386.292-.706.67-.756l.105-.007h13.95zm0-4.58a.77.77 0 01.775.764.767.767 0 01-.67.756l-.105.007h-13.95a.77.77 0 01-.775-.763c0-.386.292-.706.67-.756l.105-.007h13.95zm0-4.578a.77.77 0 01.775.763.767.767 0 01-.67.756l-.105.007h-13.95a.77.77 0 01-.775-.763c0-.386.292-.706.67-.756l.105-.007h13.95zm0-9.158a.78.78 0 01.548.223.76.76 0 01.217.42l.01.12v4.579a.756.756 0 01-.227.54.782.782 0 01-.426.214l-.122.01h-13.95a.78.78 0 01-.548-.224.76.76 0 01-.217-.42l-.01-.12V6.342c0-.202.081-.397.227-.54a.782.782 0 01.426-.214l.122-.009h13.95zM25.8 7.105H13.4v3.053h12.4V7.105z"/></svg> <span class="newsletter-info-item-label" data-v-72432489>
                            Magazine
                        </span></div></div></div> <div class="newsletter-form" style="display:;" data-v-72432489><div class="newsletter-preferences expandable" data-v-39efa963 data-v-72432489><!----> <!----> <div class="newsletter-preferences-block newsletter-preferences-eataly-news" data-v-39efa963><div class="newsletter-preferences-eataly-news-input-wrapper" data-v-39efa963><div class="eataly-input newsletter-preferences-eataly-news-input red-border-on-error flanked-inputs" style="width:70%;" data-v-2f49b090 data-v-39efa963><label data-v-2f49b090><span class="eataly-input-label" data-v-2f49b090>EMAIL ADDRESS</span> <span class="eataly-input-label-mandatory-flag" data-v-2f49b090>*</span> <!----></label> <div class="v-input theme--light v-text-field v-text-field--placeholder" data-v-2f49b090><div class="v-input__control"><div class="v-input__slot" style="height:41px;"><div class="v-text-field__slot"><input aria-label="EMAIL ADDRESS" id="input-204040524" placeholder="Your email" type="text" value=""></div></div><div class="v-text-field__details"><div class="v-messages theme--light"><div class="v-messages__wrapper"></div></div></div></div></div></div> <div class="eataly-input newsletter-preferences-eataly-news-input red-border-on-error flanked-inputs" style="width:200px;" data-v-2f49b090 data-v-39efa963><label data-v-2f49b090><span class="eataly-input-label" data-v-2f49b090>Zip Code</span> <!----> <!----></label> <div class="v-input theme--light v-text-field v-text-field--placeholder" data-v-2f49b090><div class="v-input__control"><div class="v-input__slot" style="height:41px;"><div class="v-text-field__slot"><input aria-label="Zip Code" id="input-204040528" placeholder="12345" type="text" value=""></div></div><div class="v-text-field__details"><div class="v-messages theme--light"><div class="v-messages__wrapper"></div></div></div></div></div></div></div></div> <div class="newsletter-preferences-block" style="display:none;" data-v-39efa963><p class="expandable-news-title" data-v-39efa963> I would like to receive special offers, new products, and creative gifts:</p> <div class="row" data-v-39efa963 data-v-39efa963><div class="newsletter-preferences-store-item col col-6" data-v-39efa963 data-v-39efa963><div class="v-input newsletter-preferences-stores-checkbox v-input--hide-details theme--light v-input--selection-controls v-input--checkbox expandable-control" data-v-39efa963><div class="v-input__control"><div class="v-input__slot"><div class="v-input--selection-controls__input"><i aria-hidden="true" class="v-icon notranslate far fa-square theme--light"></i><input aria-checked="false" id="input-204040531" role="checkbox" type="checkbox" value="[object Object]"></div><label for="input-204040531" class="v-label theme--light" style="left:0px;right:auto;position:relative;">Eataly.com</label></div></div></div></div><div class="newsletter-preferences-store-item col col-6" data-v-39efa963 data-v-39efa963><div class="v-input newsletter-preferences-stores-checkbox v-input--hide-details theme--light v-input--selection-controls v-input--checkbox expandable-control" data-v-39efa963><div class="v-input__control"><div class="v-input__slot"><div class="v-input--selection-controls__input"><i aria-hidden="true" class="v-icon notranslate far fa-square theme--light"></i><input aria-checked="false" id="input-204040533" role="checkbox" type="checkbox" value="[object Object]"></div><label for="input-204040533" class="v-label theme--light" style="left:0px;right:auto;position:relative;">Eataly Caff</label></div></div></div></div></div></div> <div class="newsletter-preferences-block newsletter-preferences-stores" style="display:none;" data-v-39efa963><p class="newsletter-preferences-stores-title" data-v-39efa963>
            And/or I would like to know about classes, events, and complimentary tastings in:
        </p> <div class="row newsletter-preferences-store-list" data-v-39efa963 data-v-39efa963><div class="newsletter-preferences-store-item col col-6" data-v-39efa963 data-v-39efa963><div class="v-input newsletter-preferences-stores-checkbox v-input--hide-details theme--light v-input--selection-controls v-input--checkbox expandable-control" data-v-39efa963><div class="v-input__control"><div class="v-input__slot"><div class="v-input--selection-controls__input"><i aria-hidden="true" class="v-icon notranslate far fa-square theme--light"></i><input aria-checked="false" id="input-204040535" role="checkbox" type="checkbox" value="[object Object]"></div><label for="input-204040535" class="v-label theme--light" style="left:0px;right:auto;position:relative;">Eataly New York City</label></div></div></div></div><div class="newsletter-preferences-store-item col col-6" data-v-39efa963 data-v-39efa963><div class="v-input newsletter-preferences-stores-checkbox v-input--hide-details theme--light v-input--selection-controls v-input--checkbox expandable-control" data-v-39efa963><div class="v-input__control"><div class="v-input__slot"><div class="v-input--selection-controls__input"><i aria-hidden="true" class="v-icon notranslate far fa-square theme--light"></i><input aria-checked="false" id="input-204040537" role="checkbox" type="checkbox" value="[object Object]"></div><label for="input-204040537" class="v-label theme--light" style="left:0px;right:auto;position:relative;">Eataly Chicago</label></div></div></div></div><div class="newsletter-preferences-store-item col col-6" data-v-39efa963 data-v-39efa963><div class="v-input newsletter-preferences-stores-checkbox v-input--hide-details theme--light v-input--selection-controls v-input--checkbox expandable-control" data-v-39efa963><div class="v-input__control"><div class="v-input__slot"><div class="v-input--selection-controls__input"><i aria-hidden="true" class="v-icon notranslate far fa-square theme--light"></i><input aria-checked="false" id="input-204040539" role="checkbox" type="checkbox" value="[object Object]"></div><label for="input-204040539" class="v-label theme--light" style="left:0px;right:auto;position:relative;">Eataly Boston</label></div></div></div></div><div class="newsletter-preferences-store-item col col-6" data-v-39efa963 data-v-39efa963><div class="v-input newsletter-preferences-stores-checkbox v-input--hide-details theme--light v-input--selection-controls v-input--checkbox expandable-control" data-v-39efa963><div class="v-input__control"><div class="v-input__slot"><div class="v-input--selection-controls__input"><i aria-hidden="true" class="v-icon notranslate far fa-square theme--light"></i><input aria-checked="false" id="input-204040541" role="checkbox" type="checkbox" value="[object Object]"></div><label for="input-204040541" class="v-label theme--light" style="left:0px;right:auto;position:relative;">Eataly L.A</label></div></div></div></div><div class="newsletter-preferences-store-item col col-6" data-v-39efa963 data-v-39efa963><div class="v-input newsletter-preferences-stores-checkbox v-input--hide-details theme--light v-input--selection-controls v-input--checkbox expandable-control" data-v-39efa963><div class="v-input__control"><div class="v-input__slot"><div class="v-input--selection-controls__input"><i aria-hidden="true" class="v-icon notranslate far fa-square theme--light"></i><input aria-checked="false" id="input-204040543" role="checkbox" type="checkbox" value="[object Object]"></div><label for="input-204040543" class="v-label theme--light" style="left:0px;right:auto;position:relative;">Eataly Las Vegas</label></div></div></div></div><div class="newsletter-preferences-store-item col col-6" data-v-39efa963 data-v-39efa963><div class="v-input newsletter-preferences-stores-checkbox v-input--hide-details theme--light v-input--selection-controls v-input--checkbox expandable-control" data-v-39efa963><div class="v-input__control"><div class="v-input__slot"><div class="v-input--selection-controls__input"><i aria-hidden="true" class="v-icon notranslate far fa-square theme--light"></i><input aria-checked="false" id="input-204040545" role="checkbox" type="checkbox" value="[object Object]"></div><label for="input-204040545" class="v-label theme--light" style="left:0px;right:auto;position:relative;">Eataly Dallas</label></div></div></div></div><div class="newsletter-preferences-store-item col col-6" data-v-39efa963 data-v-39efa963><div class="v-input newsletter-preferences-stores-checkbox v-input--hide-details theme--light v-input--selection-controls v-input--checkbox expandable-control" data-v-39efa963><div class="v-input__control"><div class="v-input__slot"><div class="v-input--selection-controls__input"><i aria-hidden="true" class="v-icon notranslate far fa-square theme--light"></i><input aria-checked="false" id="input-204040547" role="checkbox" type="checkbox" value="[object Object]"></div><label for="input-204040547" class="v-label theme--light" style="left:0px;right:auto;position:relative;">Eataly Silicon Valley</label></div></div></div></div><div class="newsletter-preferences-store-item col col-6" data-v-39efa963 data-v-39efa963><div class="v-input newsletter-preferences-stores-checkbox v-input--hide-details theme--light v-input--selection-controls v-input--checkbox expandable-control" data-v-39efa963><div class="v-input__control"><div class="v-input__slot"><div class="v-input--selection-controls__input"><i aria-hidden="true" class="v-icon notranslate far fa-square theme--light"></i><input aria-checked="false" id="input-204040549" role="checkbox" type="checkbox" value="[object Object]"></div><label for="input-204040549" class="v-label theme--light" style="left:0px;right:auto;position:relative;">Eataly Aventura</label></div></div></div></div><div class="newsletter-preferences-store-item col col-6" data-v-39efa963 data-v-39efa963><div class="v-input newsletter-preferences-stores-checkbox v-input--hide-details theme--light v-input--selection-controls v-input--checkbox expandable-control" data-v-39efa963><div class="v-input__control"><div class="v-input__slot"><div class="v-input--selection-controls__input"><i aria-hidden="true" class="v-icon notranslate far fa-square theme--light"></i><input aria-checked="false" id="input-204040551" role="checkbox" type="checkbox" value="[object Object]"></div><label for="input-204040551" class="v-label theme--light" style="left:0px;right:auto;position:relative;">Eataly Philadelphia</label></div></div></div></div><div class="newsletter-preferences-store-item col col-6" data-v-39efa963 data-v-39efa963><div class="v-input newsletter-preferences-stores-checkbox v-input--hide-details theme--light v-input--selection-controls v-input--checkbox expandable-control" data-v-39efa963><div class="v-input__control"><div class="v-input__slot"><div class="v-input--selection-controls__input"><i aria-hidden="true" class="v-icon notranslate far fa-square theme--light"></i><input aria-checked="false" id="input-204040553" role="checkbox" type="checkbox" value="[object Object]"></div><label for="input-204040553" class="v-label theme--light" style="left:0px;right:auto;position:relative;">Eataly West Palm Beach</label></div></div></div></div></div></div> <div class="newsletter-preferences-block newsletter-preferences-terms-and-submit" style="display:none;" data-v-39efa963><div class="v-input v-input--dense theme--light v-input--selection-controls v-input--switch v-input--switch--inset expandable-control" data-v-39efa963><div class="v-input__control"><div class="v-input__slot"><div class="v-input--selection-controls__input"><input aria-checked="false" id="input-204040555" role="switch" type="checkbox" aria-disabled="false" is-required=""><div class="v-input--switch__track theme--light"></div><div class="v-input--switch__thumb theme--light"><!----></div></div><label for="input-204040555" class="v-label theme--light" style="left:0px;right:auto;position:relative;"><span data-v-39efa963>I have read and accepted the <a href="/us_en/privacy-policy" target="_blank" data-v-39efa963>
                            Privacy policy
                        </a></span></label></div><div class="v-messages theme--light"><div class="v-messages__wrapper"></div></div></div></div> <div data-sitekey="6LegaBQiAAAAAFvC8-NWqUINzc-QYvJ7HLUqavRu" data-size="invisible" data-theme="light" data-badge="bottomright" data-tabindex="0" data-callback="recaptchaSuccessCallback" data-expired-callback="recaptchaExpiredCallback" data-error-callback="recaptchaErrorCallback" class="g-recaptcha" data-v-39efa963></div> <!----> <button disabled="disabled" class="base-button newsletter-preferences-submit base-button-yellow-theme base-button-disabled" style="width:130px;height:40px;padding:0;display:flex;" data-v-fc1b93ae data-v-39efa963><span class="base-button-content" data-v-fc1b93ae><!---->
            Sign up
        </span></button> <span class="newsletter-preferences-required-text" style="display:none;" data-v-39efa963>
            Please select one of the options
        </span> <span class="newsletter-preferences-required-flag" data-v-39efa963>*Mandatory</span></div> <!----> <div class="v-dialog__container" data-v-6978ee11 data-v-39efa963><!----></div> <div class="expand-button-wrapper" data-v-39efa963><button aria-label="Expand" class="expand-button" data-v-39efa963><svg version="1.1" viewBox="0 0 22 11" class="svg-icon svg-fill svg-up" style="width:18px;height:8px;" data-v-39efa963><path fill="#fff" stroke="none" pid="0" fill="#333" fill-rule="nonzero" d="M.442.499a.75.75 0 01.971-.125l.088.068 9.522 8.549L20.499.485a.749.749 0 01.979-.02l.08.077a.75.75 0 01.02.979l-.077.08-10.477 9.407L.499 1.558A.75.75 0 01.442.498z"/></svg></button></div></div></div> <!----></div></div></div></div> <div aria-hidden="true" class="back-to-top-wrapper" style="opacity:0;" data-v-a693f566><button tabindex="-1" type="button" aria-label="Scroll to top" class="v-btn v-btn--has-bg theme--light v-size--default" style="background-color:#739ec9;border-color:#739ec9;" data-v-a693f566><span class="v-btn__content"><svg version="1.1" viewBox="0 0 22 11" class="svg-icon svg-fill svg-down" style="width:18px;height:8px;" data-v-a693f566><path fill="#fff" stroke="none" pid="0" fill="#333" fill-rule="nonzero" d="M.442.499a.75.75 0 01.971-.125l.088.068 9.522 8.549L20.499.485a.749.749 0 01.979-.02l.08.077a.75.75 0 01.02.979l-.077.08-10.477 9.407L.499 1.558A.75.75 0 01.442.498z"/></svg></span></button></div></section> <footer data-fetch-key="data-v-7bede2cb:0" class="footer" data-v-7bede2cb><div class="footer-top-wrapper" data-v-7bede2cb><div class="footer-top" data-v-4b1ac4d0 data-v-7bede2cb><div class="footer-top-item footer-top-logo" data-v-4b1ac4d0><img src="/images/logoSimple.svg" loading="lazy" width="101" height="13" alt="" class="logo-image" data-v-2877f6f1 data-v-4b1ac4d0></div> <div class="footer-top-item footer-top-payments" data-v-4b1ac4d0><div class="footer-top-item-label footer-top-payments-label" data-v-4b1ac4d0>Available payment methods:</div> <div class="footer-top-payments-image" data-v-4b1ac4d0><img src="/images/paymentMethods.webp" alt="American Express MasterCard Visa PayPal" loading="lazy" width="127" height="28" data-v-2877f6f1 data-v-4b1ac4d0> <img src="/images/payments-logos/applepay.webp" alt="Apple Pay" loading="lazy" height="28" class="apple-pay-logo" data-v-2877f6f1 data-v-4b1ac4d0></div></div> <div class="footer-top-item footer-top-socials" data-v-4b1ac4d0><!----> <ul class="footer-social-links" data-v-4b1ac4d0><li class="footer-social-icon" data-v-4b1ac4d0><!----></li><li class="footer-social-icon" data-v-4b1ac4d0><!----></li></ul></div> <div class="footer-top-item footer-top-eataly-club" data-v-4b1ac4d0><div class="footer-top-item-label" data-v-4b1ac4d0></div> <span data-v-a90af9e0 data-v-4b1ac4d0></span></div></div></div> <div class="footer-columns-wrapper" data-v-7bede2cb><div class="footer-columns" data-v-35d63c24 data-v-7bede2cb><div class="footer-column" data-v-35d63c24><div class="footer-column-inner opened" data-v-35d63c24><div class="footer-column-header" data-v-35d63c24><a href="/us_en/nationwide-shipping" data-v-a90af9e0 data-v-a90af9e0 data-v-35d63c24><div class="footer-column-header-title" data-v-35d63c24><h2>ONLINE SHOPPING</h2></div></a> <!----></div> <div class="footer-column-links-wrapper" style="display:;" data-v-35d63c24><div class="footer-column-link" data-v-35d63c24><a href="/us_en/nationwide-shipping/gifts" data-v-a90af9e0 data-v-a90af9e0 data-v-35d63c24><span data-v-a90af9e0>Gifts</span></a></div><div class="footer-column-link" data-v-35d63c24><a href="/us_en/nationwide-shipping/best-sellers" data-v-a90af9e0 data-v-a90af9e0 data-v-35d63c24><span data-v-a90af9e0>Best Sellers</span></a></div><div class="footer-column-link" data-v-35d63c24><a href="/us_en/nationwide-shipping/extra-virgin-olive-oil" data-v-a90af9e0 data-v-a90af9e0 data-v-35d63c24><span data-v-a90af9e0>Oil &amp; Vinegar</span></a></div><div class="footer-column-link" data-v-35d63c24><a href="/us_en/nationwide-shipping/pantry" data-v-a90af9e0 data-v-a90af9e0 data-v-35d63c24><span data-v-a90af9e0>Pantry</span></a></div><div class="footer-column-link" data-v-35d63c24><a href="/us_en/nationwide-shipping/pasta" data-v-a90af9e0 data-v-a90af9e0 data-v-35d63c24><span data-v-a90af9e0>Pasta</span></a></div><div class="footer-column-link" data-v-35d63c24><a href="/us_en/nationwide-shipping/sweets" data-v-a90af9e0 data-v-a90af9e0 data-v-35d63c24><span data-v-a90af9e0>Sweets &amp; Snacks</span></a></div><div class="footer-column-link" data-v-35d63c24><a href="/us_en/nationwide-shipping/coffee-and-tea" data-v-a90af9e0 data-v-a90af9e0 data-v-35d63c24><span data-v-a90af9e0>Coffee &amp; Tea</span></a></div><div class="footer-column-link" data-v-35d63c24><a href="/us_en/nationwide-shipping/meats" data-v-a90af9e0 data-v-a90af9e0 data-v-35d63c24><span data-v-a90af9e0>Meat</span></a></div><div class="footer-column-link" data-v-35d63c24><a href="/us_en/nationwide-shipping/truffles" data-v-a90af9e0 data-v-a90af9e0 data-v-35d63c24><span data-v-a90af9e0>Truffles</span></a></div><div class="footer-column-link" data-v-35d63c24><a href="/us_en/nationwide-shipping/caviar" data-v-a90af9e0 data-v-a90af9e0 data-v-35d63c24><span data-v-a90af9e0>Caviar</span></a></div><div class="footer-column-link" data-v-35d63c24><a href="/us_en/nationwide-shipping/organic-foods" data-v-a90af9e0 data-v-a90af9e0 data-v-35d63c24><span data-v-a90af9e0>Organic</span></a></div><div class="footer-column-link" data-v-35d63c24><a href="/us_en/nationwide-shipping/gluten-free-foods" data-v-a90af9e0 data-v-a90af9e0 data-v-35d63c24><span data-v-a90af9e0>Gluten-Free</span></a></div><div class="footer-column-link" data-v-35d63c24><a href="/us_en/nationwide-shipping/italian-home-goods" data-v-a90af9e0 data-v-a90af9e0 data-v-35d63c24><span data-v-a90af9e0>Kitchen &amp; Home</span></a></div></div></div></div><div class="footer-column" data-v-35d63c24><div class="footer-column-inner opened" data-v-35d63c24><div class="footer-column-header" data-v-35d63c24><a href="/us_en/classes-and-events" data-v-a90af9e0 data-v-a90af9e0 data-v-35d63c24><div class="footer-column-header-title" data-v-35d63c24><h2>CLASSES &amp; EVENTS</h2></div></a> <!----></div> <div class="footer-column-links-wrapper" style="display:;" data-v-35d63c24><div class="footer-column-link" data-v-35d63c24><a href="/us_en/classes-and-events/nyc-flatiron" data-v-a90af9e0 data-v-a90af9e0 data-v-35d63c24><span data-v-a90af9e0>NYC Flatiron</span></a></div><div class="footer-column-link" data-v-35d63c24><a href="/us_en/classes-and-events/nyc-downtown" data-v-a90af9e0 data-v-a90af9e0 data-v-35d63c24><span data-v-a90af9e0>NYC Downtown</span></a></div><div class="footer-column-link" data-v-35d63c24><a href="/us_en/classes-and-events/nyc-soho" data-v-a90af9e0 data-v-a90af9e0 data-v-35d63c24><span data-v-a90af9e0>NYC SoHo</span></a></div><div class="footer-column-link" data-v-35d63c24><a href="/us_en/classes-and-events/chicago" data-v-a90af9e0 data-v-a90af9e0 data-v-35d63c24><span data-v-a90af9e0>Chicago</span></a></div><div class="footer-column-link" data-v-35d63c24><a href="/us_en/classes-and-events/boston" data-v-a90af9e0 data-v-a90af9e0 data-v-35d63c24><span data-v-a90af9e0>Boston</span></a></div><div class="footer-column-link" data-v-35d63c24><a href="/us_en/classes-and-events/los-angeles" data-v-a90af9e0 data-v-a90af9e0 data-v-35d63c24><span data-v-a90af9e0>Los Angeles</span></a></div><div class="footer-column-link" data-v-35d63c24><a href="/us_en/classes-and-events/las-vegas" data-v-a90af9e0 data-v-a90af9e0 data-v-35d63c24><span data-v-a90af9e0>Las Vegas</span></a></div><div class="footer-column-link" data-v-35d63c24><a href="/us_en/classes-and-events/dallas" data-v-a90af9e0 data-v-a90af9e0 data-v-35d63c24><span data-v-a90af9e0>Dallas</span></a></div><div class="footer-column-link" data-v-35d63c24><a href="/us_en/classes-and-events/silicon-valley" data-v-a90af9e0 data-v-a90af9e0 data-v-35d63c24><span data-v-a90af9e0>Silicon Valley</span></a></div><div class="footer-column-link" data-v-35d63c24><a href="/us_en/classes-and-events/short-hills" data-v-a90af9e0 data-v-a90af9e0 data-v-35d63c24><span data-v-a90af9e0>Short Hills</span></a></div><div class="footer-column-link" data-v-35d63c24><a href="/us_en/classes-and-events/aventura" data-v-a90af9e0 data-v-a90af9e0 data-v-35d63c24><span data-v-a90af9e0>Aventura</span></a></div><div class="footer-column-link" data-v-35d63c24><a href="/us_en/classes-and-events/king-prussia" data-v-a90af9e0 data-v-a90af9e0 data-v-35d63c24><span data-v-a90af9e0>King of Prussia</span></a></div><div class="footer-column-link" data-v-35d63c24><a href="/us_en/classes-and-events/west-palm-beach" data-v-a90af9e0 data-v-a90af9e0 data-v-35d63c24><span data-v-a90af9e0>West Palm Beach</span></a></div></div></div><div class="footer-column-inner opened" data-v-35d63c24><div class="footer-column-header" data-v-35d63c24><span data-v-a90af9e0 data-v-35d63c24><div class="footer-column-header-title" data-v-a90af9e0 data-v-35d63c24><h2>THE EATALY EXPERIENCE</h2></div></span> <!----></div> <div class="footer-column-links-wrapper" style="display:;" data-v-35d63c24><div class="footer-column-link" data-v-35d63c24><a href="/us_en/private-dining-experiences" data-v-a90af9e0 data-v-a90af9e0 data-v-35d63c24><span data-v-a90af9e0>Host at Eataly</span></a></div><div class="footer-column-link" data-v-35d63c24><a href="/us_en/corporate-gifting" data-v-a90af9e0 data-v-a90af9e0 data-v-35d63c24><span data-v-a90af9e0>Corporate Gifting</span></a></div></div></div></div><div class="footer-column" data-v-35d63c24><div class="footer-column-inner opened" data-v-35d63c24><div class="footer-column-header" data-v-35d63c24><a href="/us_en/stores" data-v-a90af9e0 data-v-a90af9e0 data-v-35d63c24><div class="footer-column-header-title" data-v-35d63c24><h2>STORES</h2></div></a> <!----></div> <div class="footer-column-links-wrapper" style="display:;" data-v-35d63c24><div class="footer-column-link" data-v-35d63c24><a href="/us_en/new-york-city" data-v-a90af9e0 data-v-a90af9e0 data-v-35d63c24><span data-v-a90af9e0>New York City</span></a></div><div class="footer-column-link" data-v-35d63c24><a href="/us_en/stores/chicago" data-v-a90af9e0 data-v-a90af9e0 data-v-35d63c24><span data-v-a90af9e0>Chicago</span></a></div><div class="footer-column-link" data-v-35d63c24><a href="/us_en/stores/boston" data-v-a90af9e0 data-v-a90af9e0 data-v-35d63c24><span data-v-a90af9e0>Boston</span></a></div><div class="footer-column-link" data-v-35d63c24><a href="/us_en/stores/los-angeles" data-v-a90af9e0 data-v-a90af9e0 data-v-35d63c24><span data-v-a90af9e0>Los Angeles</span></a></div><div class="footer-column-link" data-v-35d63c24><a href="/us_en/stores/las-vegas" data-v-a90af9e0 data-v-a90af9e0 data-v-35d63c24><span data-v-a90af9e0>Las Vegas</span></a></div><div class="footer-column-link" data-v-35d63c24><a href="/us_en/stores/dallas" data-v-a90af9e0 data-v-a90af9e0 data-v-35d63c24><span data-v-a90af9e0>Dallas</span></a></div><div class="footer-column-link" data-v-35d63c24><a href="/us_en/stores/silicon-valley" data-v-a90af9e0 data-v-a90af9e0 data-v-35d63c24><span data-v-a90af9e0>Silicon Valley</span></a></div><div class="footer-column-link" data-v-35d63c24><a href="/us_en/stores/short-hills" data-v-a90af9e0 data-v-a90af9e0 data-v-35d63c24><span data-v-a90af9e0>Short Hills</span></a></div><div class="footer-column-link" data-v-35d63c24><a href="/us_en/stores/aventura" data-v-a90af9e0 data-v-a90af9e0 data-v-35d63c24><span data-v-a90af9e0>Aventura</span></a></div><div class="footer-column-link" data-v-35d63c24><a href="/us_en/stores/king-prussia" data-v-a90af9e0 data-v-a90af9e0 data-v-35d63c24><span data-v-a90af9e0>King of Prussia</span></a></div><div class="footer-column-link" data-v-35d63c24><a href="/us_en/stores/west-palm-beach" data-v-a90af9e0 data-v-a90af9e0 data-v-35d63c24><span data-v-a90af9e0>West Palm Beach</span></a></div><div class="footer-column-link" data-v-35d63c24><a href="/us_en/eataly-caffe" data-v-a90af9e0 data-v-a90af9e0 data-v-35d63c24><span data-v-a90af9e0>Eataly Caff</span></a></div></div></div></div><div class="footer-column" data-v-35d63c24><div class="footer-column-inner opened" data-v-35d63c24><div class="footer-column-header" data-v-35d63c24><a href="/us_en/about-eataly" data-v-a90af9e0 data-v-a90af9e0 data-v-35d63c24><div class="footer-column-header-title" data-v-35d63c24><h2>ABOUT EATALY</h2></div></a> <!----></div> <div class="footer-column-links-wrapper" style="display:;" data-v-35d63c24><div class="footer-column-link" data-v-35d63c24><a href="/us_en/about-eataly/eataly-history" data-v-a90af9e0 data-v-a90af9e0 data-v-35d63c24><span data-v-a90af9e0>History</span></a></div><div class="footer-column-link" data-v-35d63c24><a href="/us_en/about-eataly/manifesto" data-v-a90af9e0 data-v-a90af9e0 data-v-35d63c24><span data-v-a90af9e0>Manifesto</span></a></div><div class="footer-column-link" data-v-35d63c24><a href="/us_en/stores" data-v-a90af9e0 data-v-a90af9e0 data-v-35d63c24><span data-v-a90af9e0>Eataly in the world</span></a></div><div class="footer-column-link" data-v-35d63c24><a href="https://careers.eataly.com" data-v-a90af9e0 data-v-35d63c24><span data-v-a90af9e0>Join our Team</span></a></div><div class="footer-column-link" data-v-35d63c24><a href="/us_en/about-eataly/news" data-v-a90af9e0 data-v-a90af9e0 data-v-35d63c24><span data-v-a90af9e0>News</span></a></div><div class="footer-column-link" data-v-35d63c24><a href="/us_en/about-eataly/eataly-restaurants" data-v-a90af9e0 data-v-a90af9e0 data-v-35d63c24><span data-v-a90af9e0>Eataly Restaurants</span></a></div><div class="footer-column-link" data-v-35d63c24><a href="/us_en/about-eataly/featured-producer-partners" data-v-a90af9e0 data-v-a90af9e0 data-v-35d63c24><span data-v-a90af9e0>Our Partners</span></a></div><div class="footer-column-link" data-v-35d63c24><a href="/us_en/ambassador-loyalty-program" data-v-a90af9e0 data-v-a90af9e0 data-v-35d63c24><span data-v-a90af9e0>Eataly Ambassador</span></a></div></div></div><div class="footer-column-inner opened" data-v-35d63c24><div class="footer-column-header" data-v-35d63c24><a href="/us_en/magazine" data-v-a90af9e0 data-v-a90af9e0 data-v-35d63c24><div class="footer-column-header-title" data-v-35d63c24><h2>MAGAZINE</h2></div></a> <!----></div> <div class="footer-column-links-wrapper" style="display:;" data-v-35d63c24><div class="footer-column-link" data-v-35d63c24><a href="/us_en/magazine/recipes" data-v-a90af9e0 data-v-a90af9e0 data-v-35d63c24><span data-v-a90af9e0>Recipes</span></a></div><div class="footer-column-link" data-v-35d63c24><a href="/us_en/magazine/culture-and-tradition" data-v-a90af9e0 data-v-a90af9e0 data-v-35d63c24><span data-v-a90af9e0>Culture</span></a></div><div class="footer-column-link" data-v-35d63c24><a href="/us_en/magazine/how-to" data-v-a90af9e0 data-v-a90af9e0 data-v-35d63c24><span data-v-a90af9e0>Guides</span></a></div><div class="footer-column-link" data-v-35d63c24><a href="/us_en/magazine/regions" data-v-a90af9e0 data-v-a90af9e0 data-v-35d63c24><span data-v-a90af9e0>Regions</span></a></div><div class="footer-column-link" data-v-35d63c24><a href="/us_en/magazine/producer-stories" data-v-a90af9e0 data-v-a90af9e0 data-v-35d63c24><span data-v-a90af9e0>Meet Our Makers</span></a></div></div></div></div><div class="footer-column" data-v-35d63c24><div class="footer-column-inner opened" data-v-35d63c24><div class="footer-column-header" data-v-35d63c24><a href="/us_en/support" data-v-a90af9e0 data-v-a90af9e0 data-v-35d63c24><div class="footer-column-header-title" data-v-35d63c24><h2>INFORMATION</h2></div></a> <!----></div> <div class="footer-column-links-wrapper" style="display:;" data-v-35d63c24><div class="footer-column-link" data-v-35d63c24><a href="/us_en/support/faq" data-v-a90af9e0 data-v-a90af9e0 data-v-35d63c24><span data-v-a90af9e0>Frequently Asked Questions</span></a></div><div class="footer-column-link" data-v-35d63c24><a href="/us_en/support" data-v-a90af9e0 data-v-a90af9e0 data-v-35d63c24><span data-v-a90af9e0>Online Support</span></a></div><div class="footer-column-link" data-v-35d63c24><a href="/us_en/contact-buyers" data-v-a90af9e0 data-v-a90af9e0 data-v-35d63c24><span data-v-a90af9e0>Contact our buyers</span></a></div><div class="footer-column-link" data-v-35d63c24><a href="/us_en/terms-and-conditions" data-v-a90af9e0 data-v-a90af9e0 data-v-35d63c24><span data-v-a90af9e0>Terms &amp; Conditions</span></a></div><div class="footer-column-link" data-v-35d63c24><a href="/us_en/privacy-policy" data-v-a90af9e0 data-v-a90af9e0 data-v-35d63c24><span data-v-a90af9e0>Eataly Privacy Policy</span></a></div><div class="footer-column-link" data-v-35d63c24><a href="/us_en/eataly-caffe-privacy-policies" data-v-a90af9e0 data-v-a90af9e0 data-v-35d63c24><span data-v-a90af9e0>Eataly Caff Privacy Policies</span></a></div><div class="footer-column-link" data-v-35d63c24><a href="/us_en/eataly-caffe-privacy-policy-california-residents" data-v-a90af9e0 data-v-a90af9e0 data-v-35d63c24><span data-v-a90af9e0>Privacy Policy for California Residents</span></a></div><div class="footer-column-link" data-v-35d63c24><a href="/us_en/eataly-caffe-privacy-policy-nebraska-residents" data-v-a90af9e0 data-v-a90af9e0 data-v-35d63c24><span data-v-a90af9e0>Privacy Policy for Nebraska Residents</span></a></div><div class="footer-column-link" data-v-35d63c24><a href="/us_en/eataly-caffe-privacy-policy-texas-residents" data-v-a90af9e0 data-v-a90af9e0 data-v-35d63c24><span data-v-a90af9e0>Privacy Policy for Texas Residents</span></a></div><div class="footer-column-link" data-v-35d63c24><a href="/us_en/eataly-ambassador-rewards-terms-of-use" data-v-a90af9e0 data-v-a90af9e0 data-v-35d63c24><span data-v-a90af9e0>Eataly Ambassador Rewards Terms of Use</span></a></div><div class="footer-column-link" data-v-35d63c24><a href="/us_en/product-recalls-alerts" data-v-a90af9e0 data-v-a90af9e0 data-v-35d63c24><span data-v-a90af9e0>Product Recalls &amp; Alerts</span></a></div></div></div></div></div></div> <div class="footer-certificate" data-v-7bede2cb><div class="footer-certificate-text" data-v-7bede2cb data-v-7bede2cb></div></div> <div class="footer-copyright" data-v-7bede2cb><div class="footer-copyright-text" data-v-7bede2cb>
            Copyright  2015 - 2025  |  Eataly Net USA LLC - All Rights Reserved
        </div></div></footer> <div><div class="v-dialog__container" data-v-6855b7d9><!----></div> <div class="v-dialog__container" data-v-c44dc0f8 data-v-5fc80df2><!----></div> <div class="v-dialog__container"><!----></div></div> <div class="v-dialog__container" data-v-5bcfd3cd><!----></div> <div class="v-dialog__container" data-v-6f0b5814><!----></div> <!----> <!----> <!----> <div class="v-dialog__container" data-v-c44dc0f8 data-v-500ba37b><!----></div> <div class="v-dialog__container" data-v-6978ee11><!----></div> <div class="v-dialog__container" data-v-6978ee11 data-v-8dea1502><!----></div> <div class="v-dialog__container cart-error-modal" data-v-52e98569><!----></div></div></div></div></div><script>window.__NUXT__=(function(a,b,c,d,e,f,g,h,i,j,k,l,m,n,o,p,q,r,s,t,u,v,w,x,y,z,A,B,C,D,E,F,G,H,I,J,K,L,M,N,O,P,Q,R,S,T,U,V,W,X,Y,Z,_,$,aa,ab,ac,ad,ae,af,ag,ah,ai,aj,ak,al,am,an,ao,ap,aq,ar,as,at,au,av,aw,ax,ay,az,aA,aB,aC,aD,aE,aF,aG,aH,aI,aJ,aK,aL,aM,aN,aO,aP,aQ,aR,aS,aT,aU,aV,aW,aX,aY,aZ,a_,a$,ba,bb,bc,bd,be,bf,bg,bh,bi,bj,bk,bl,bm,bn,bo,bp,bq,br,bs,bt,bu,bv,bw,bx,by,bz,bA,bB,bC,bD,bE,bF,bG,bH,bI,bJ,bK,bL,bM,bN,bO,bP,bQ,bR,bS,bT,bU,bV,bW,bX,bY,bZ,b_,b$,ca,cb,cc,cd,ce,cf,cg,ch,ci,cj,ck,cl,cm,cn,co,cp,cq,cr,cs,ct,cu,cv,cw,cx,cy,cz,cA,cB,cC,cD,cE,cF,cG,cH,cI,cJ,cK,cL,cM,cN,cO,cP,cQ,cR,cS,cT,cU,cV,cW,cX,cY,cZ,c_,c$,da,db,dc,dd,de,df,dg,dh,di,dj,dk,dl,dm,dn,do0,dp,dq,dr,ds,dt,du,dv,dw,dx,dy,dz,dA,dB,dC,dD,dE,dF,dG,dH,dI,dJ,dK,dL,dM,dN,dO,dP,dQ,dR,dS,dT,dU,dV,dW,dX,dY,dZ,d_,d$,ea,eb,ec,ed,ee,ef,eg,eh,ei,ej,ek,el,em,en,eo,ep,eq,er,es,et,eu,ev,ew,ex,ey,ez,eA,eB,eC,eD,eE,eF,eG,eH,eI,eJ,eK,eL,eM,eN,eO,eP,eQ,eR,eS,eT,eU,eV,eW,eX,eY,eZ,e_,e$,fa,fb,fc,fd,fe,ff,fg,fh,fi,fj,fk,fl,fm,fn,fo,fp,fq,fr,fs,ft,fu,fv,fw,fx,fy,fz,fA,fB,fC,fD,fE,fF,fG,fH,fI,fJ,fK,fL,fM,fN,fO,fP,fQ,fR,fS,fT,fU,fV,fW,fX,fY,fZ,f_,f$,ga,gb,gc,gd,ge,gf,gg,gh,gi,gj,gk,gl,gm,gn,go,gp,gq,gr,gs,gt,gu,gv,gw,gx,gy,gz,gA,gB,gC,gD,gE,gF,gG,gH,gI,gJ,gK,gL,gM,gN,gO,gP,gQ,gR,gS,gT,gU,gV,gW,gX,gY,gZ,g_,g$,ha,hb,hc,hd,he,hf,hg,hh,hi,hj,hk,hl,hm,hn,ho,hp,hq,hr,hs,ht,hu,hv,hw,hx,hy,hz,hA,hB,hC,hD,hE,hF,hG,hH,hI,hJ,hK,hL,hM,hN,hO,hP,hQ,hR,hS,hT,hU,hV,hW,hX,hY,hZ,h_,h$,ia,ib,ic,id,ie,if0,ig,ih,ii,ij,ik,il,im,in0,io,ip,iq,ir,is,it,iu,iv,iw,ix,iy,iz,iA,iB,iC,iD,iE,iF,iG,iH,iI,iJ,iK,iL,iM,iN,iO,iP,iQ,iR,iS,iT,iU,iV,iW,iX,iY,iZ,i_,i$,ja,jb,jc,jd,je,jf,jg,jh,ji,jj,jk,jl,jm,jn,jo,jp,jq,jr,js,jt,ju,jv,jw,jx,jy,jz,jA,jB,jC,jD,jE,jF,jG,jH,jI,jJ,jK,jL,jM,jN,jO,jP,jQ,jR,jS,jT,jU,jV,jW,jX,jY,jZ,j_,j$,ka,kb,kc,kd,ke,kf,kg,kh,ki,kj,kk,kl,km,kn,ko,kp,kq,kr,ks,kt,ku,kv,kw,kx,ky,kz,kA,kB,kC,kD,kE,kF,kG,kH,kI,kJ,kK,kL,kM,kN,kO,kP,kQ,kR,kS,kT,kU,kV,kW,kX,kY,kZ,k_,k$,la,lb,lc,ld,le,lf,lg,lh,li,lj,lk,ll,lm,ln,lo,lp,lq,lr,ls,lt,lu,lv,lw,lx,ly,lz,lA,lB,lC,lD,lE,lF,lG,lH,lI,lJ,lK,lL,lM,lN,lO,lP,lQ,lR,lS,lT,lU,lV,lW,lX,lY,lZ,l_,l$,ma,mb,mc,md,me,mf,mg,mh,mi,mj,mk,ml,mm,mn,mo,mp,mq,mr,ms,mt,mu,mv,mw,mx,my,mz,mA,mB,mC,mD,mE,mF,mG,mH,mI,mJ,mK,mL,mM,mN,mO,mP,mQ,mR,mS,mT,mU,mV,mW,mX,mY,mZ,m_,m$,na,nb,nc,nd,ne,nf,ng,nh,ni,nj,nk,nl,nm,nn,no,np,nq,nr,ns,nt,nu,nv,nw,nx,ny,nz,nA,nB,nC,nD,nE,nF,nG,nH,nI,nJ,nK,nL,nM,nN,nO,nP,nQ,nR,nS,nT,nU,nV,nW,nX,nY,nZ,n_,n$,oa,ob,oc,od,oe,of,og,oh,oi,oj,ok,ol,om,on,oo,op,oq,or,os,ot,ou,ov,ow,ox,oy,oz,oA,oB,oC,oD,oE,oF,oG,oH,oI,oJ,oK,oL,oM,oN,oO,oP,oQ,oR,oS,oT,oU,oV,oW,oX,oY,oZ,o_,o$,pa,pb,pc,pd,pe,pf,pg,ph,pi,pj,pk,pl,pm,pn,po,pp,pq,pr,ps,pt,pu,pv,pw,px,py,pz,pA,pB,pC,pD,pE,pF,pG,pH,pI,pJ,pK,pL,pM,pN,pO,pP,pQ,pR,pS,pT,pU,pV,pW,pX,pY,pZ,p_,p$,qa,qb,qc,qd,qe,qf,qg,qh,qi,qj,qk,ql,qm,qn,qo,qp,qq,qr,qs,qt,qu,qv,qw,qx,qy,qz,qA,qB,qC,qD,qE,qF,qG,qH,qI,qJ,qK,qL,qM,qN,qO,qP,qQ,qR,qS,qT,qU,qV,qW,qX,qY,qZ,q_,q$,ra,rb,rc,rd,re,rf,rg,rh,ri,rj,rk,rl,rm,rn,ro,rp,rq,rr,rs,rt,ru,rv,rw,rx,ry,rz,rA,rB,rC,rD,rE,rF,rG,rH,rI,rJ,rK,rL,rM,rN,rO,rP,rQ,rR,rS,rT,rU,rV,rW,rX,rY,rZ,r_,r$,sa,sb,sc,sd,se,sf,sg,sh,si,sj,sk,sl,sm,sn,so,sp,sq,sr,ss,st,su,sv,sw,sx,sy,sz,sA,sB,sC,sD,sE,sF,sG,sH,sI,sJ,sK,sL,sM,sN,sO,sP,sQ,sR,sS,sT,sU,sV,sW,sX,sY,sZ,s_,s$,ta,tb,tc,td,te,tf,tg,th,ti,tj,tk,tl,tm,tn,to,tp,tq,tr,ts,tt,tu,tv,tw,tx,ty,tz,tA,tB,tC,tD,tE,tF,tG,tH,tI,tJ,tK,tL,tM,tN,tO,tP,tQ,tR,tS,tT,tU,tV,tW,tX,tY,tZ,t_,t$,ua,ub,uc,ud,ue,uf,ug,uh,ui,uj,uk,ul,um,un,uo,up,uq,ur,us,ut,uu,uv,uw,ux,uy,uz,uA,uB,uC,uD,uE,uF,uG,uH,uI,uJ,uK,uL,uM,uN,uO,uP,uQ){return {layout:"default",data:[{}],fetch:{"data-v-0e781beb:0":{currentIndex:i,interval:c,isPaused:a},"Homepage:0":{isServerSideRendered:b},"data-v-6dc1bbe5:0":{swiperNameMobile:"productsMobile7",swiperNameDesktop:"productsDesktop7",productList:[{entity_id:mY,attribute_set_id:cH,type_id:Z,sku:"1163982",has_options:a,required_options:a,created_at:iB,updated_at:"2025-10-27 15:07:34",row_id:mY,created_in:L,updated_in:_,visibility:N,price:[{price:aI,original_price:bl,is_discount:b,customer_group_id:i,tax_class_id:p,final_price:aI,min_price:aI,max_price:bl},{price:aI,original_price:bl,is_discount:b,customer_group_id:e,tax_class_id:p,final_price:aI,min_price:aI,max_price:bl},{price:bl,original_price:bl,is_discount:a,customer_group_id:g,tax_class_id:p,final_price:bl,min_price:bl,max_price:bl},{price:bl,original_price:bl,is_discount:a,customer_group_id:f,tax_class_id:p,final_price:bl,min_price:bl,max_price:bl},{price:bl,original_price:bl,is_discount:a,customer_group_id:j,tax_class_id:p,final_price:bl,min_price:bl,max_price:bl},{price:bl,original_price:bl,is_discount:a,customer_group_id:o,tax_class_id:p,final_price:bl,min_price:bl,max_price:bl}],indexed_attributes:[$,aa,ab,aD,ac,ad,ae,af,ag,ah,ai,aj,aJ,ak,dN,bF,al,aU,aV,aW,am,T,an,ao],category:[{category_id:g,is_virtual:d,category_uid:ap,path:aq,is_marketing:a,position_in_category:q},{category_id:f,is_virtual:d,name:r,category_uid:ar,path:as,is_marketing:a,position_in_category:q},{category_id:j,is_parent:b,is_virtual:d,position:e,name:h,category_uid:at,path:au,is_marketing:a,position_in_category:e},{category_id:o,is_parent:b,is_virtual:d,position:e,name:l,category_uid:bN,path:bO,is_marketing:a,position_in_category:e},{category_id:bc,is_parent:b,is_virtual:d,name:cr,category_uid:en,path:eo,is_marketing:a,position_in_category:e},{category_id:U,is_parent:b,is_virtual:d,name:R,category_uid:ep,path:eq,is_marketing:a,position_in_category:e},{category_id:dO,is_parent:b,is_virtual:d,name:bT,category_uid:dP,path:dQ,is_marketing:a,position_in_category:e},{category_id:aX,is_parent:b,is_virtual:d,position:e,name:h,category_uid:aY,path:aZ,is_marketing:a,position_in_category:e},{category_id:dR,is_parent:b,is_virtual:d,name:R,category_uid:dS,path:dT,is_marketing:a,position_in_category:bU},{category_id:av,is_parent:b,is_virtual:d,position:cy,name:s,category_uid:aw,path:ax,is_marketing:a,position_in_category:cy},{category_id:dU,is_parent:b,is_virtual:d,name:bV,category_uid:dV,path:dW,is_marketing:a,position_in_category:e},{category_id:bW,is_parent:b,is_virtual:d,position:U,name:l,category_uid:bX,path:bY,is_marketing:a,position_in_category:U},{category_id:a_,is_parent:b,is_virtual:d,name:B,category_uid:a$,path:ba,is_marketing:a,position_in_category:e},{category_id:j,is_parent:b,is_virtual:d,name:h,category_uid:at,path:au,is_marketing:a,position_in_category:e},{category_id:o,is_parent:b,is_virtual:d,name:l,category_uid:bN,path:bO,is_marketing:a,position_in_category:e},{category_id:aE,is_parent:b,is_virtual:d,name:h,category_uid:aF,path:aG,is_marketing:a,position_in_category:e},{category_id:cg,is_parent:b,is_virtual:d,position:j,name:l,category_uid:ch,path:ci,is_marketing:a,position_in_category:e},{category_id:aX,is_parent:b,is_virtual:d,name:h,category_uid:aY,path:aZ,is_marketing:a,position_in_category:e},{category_id:av,is_parent:b,is_virtual:d,name:s,category_uid:aw,path:ax,is_marketing:a,position_in_category:cy},{category_id:bW,is_parent:b,is_virtual:d,name:l,category_uid:bX,path:bY,is_marketing:a,position_in_category:U}],name:["Butta la Pasta Gift Box"],meta_title:["Butta la Pasta Gift Box | Authentic Italian Pasta & Sauce Set by Eataly"],meta_description:["Celebrate Italian tradition with Eatalys Butta la Pasta Gift Box  featuring premium pasta, rich sauces, and artisanal ingredients for the perfect Italian meal at home."],image:["\u002Fb\u002Fu\u002Fbutta_la_pasta_holiday_2025_gift_box_usa_canada.png"],small_image:["\u002Fa\u002Fd\u002Fadobe_express_-_file_1__10_2.png"],thumbnail:["\u002Fa\u002Fd\u002Fadobe_express_-_file_2__10_2.png"],url_key:["eataly-butta-la-pasta"],country_of_manufacture:[ay],option_text_country_of_manufacture:[V],mini:["\u002Fa\u002Fd\u002Fadobe_express_-_file_3__8_1.png"],vendor:[az],option_text_vendor:[aA],tech_masterdata_subcategory:[dX],net_weight:[L],description:["\u003Cdiv data-content-type=\"html\" data-appearance=\"default\" data-element=\"main\"\u003E&lt;p&gt;Named after the Italian phrase &lt;i&gt;Throw in the pasta&lt;\u002Fi&gt;  meaning Ill be home in a few  Our &lt;b&gt;Butta la Pasta&lt;\u002Fb&gt; gift box has all the ingredients for \r\nseveral authentic Italian dinners, from tagliatelle with porcini mushroom sauce to classic spaghetti al pomodoro.&lt;\u002Fbr&gt;&lt;\u002Fbr&gt;\r\n\r\nThis box contains the following:&lt;\u002Fbr&gt;\r\n&lt;li&gt;Short Ribbed Ziti IGP 500 g| Afeltra 100% Italiana&lt;\u002Fli&gt;\r\n&lt;li&gt;Egg Tagliatelle 250 g | Antica Madia&lt;\u002Fli&gt;\r\n&lt;li&gt;Tomato Sauce with Porcini Mushrooms 200 g| Appennino Food GR&lt;\u002Fli&gt;\r\n&lt;li&gt;Yellow Datterino Tomatoes in Juice 350 g | Cosi Come&lt;\u002Fli&gt;\r\n&lt;li&gt;Penne Rigate 100% Italian 500 g | Eataly&lt;\u002Fli&gt;\r\n&lt;li&gt;Super Spaghettoni 100% Italian 500 g | Eataly&lt;\u002Fli&gt;\r\n&lt;li&gt;Coarse Sea Salt 1 kg| Elika Distribuzione&lt;\u002Fli&gt;\r\n&lt;li&gt;Arcobottle of Unfiltered Extra Virgin Olive Oil 0.25 L | Muraglia&lt;\u002Fli&gt;\r\n&lt;li&gt;Basil Genovese Pesto without Garlic 180 g | Italpesto&lt;\u002Fli&gt;\r\n&lt;li&gt;Alla Norma Pasta Sauce 290 g | Segreti di Sicilia&lt;\u002Fli&gt;&lt;\u002Fp&gt;\u003C\u002Fdiv\u003E"],product_notes:[er],shop_by_category:[dy],option_text_shop_by_category:[l],weight:[bU],special_price:[164.69],special_from_date:[hp],special_to_date:[cR],manufacturer:[cj],option_text_manufacturer:[ck],status:[e],option_text_status:[aB],tax_class_id:[p],option_text_tax_class_id:[dz],unit_of_measurement:[dA],option_text_unit_of_measurement:[dB],stock:{is_in_stock:b,qty:590},attribute_set_name:dY,category_names:[r,h,l,cr,R,bT,h,R,s,bV,l,B,h,l,h,l,h,s,l]},{entity_id:"21803",attribute_set_id:cH,type_id:Z,sku:mZ,has_options:a,required_options:a,created_at:"2025-08-05 15:12:19",updated_at:"2025-10-09 15:46:22",row_id:"21817",created_in:L,updated_in:_,visibility:N,price:[{price:fU,original_price:bd,is_discount:b,customer_group_id:i,tax_class_id:p,final_price:fU,min_price:fU,max_price:bd},{price:fU,original_price:bd,is_discount:b,customer_group_id:e,tax_class_id:p,final_price:fU,min_price:fU,max_price:bd},{price:bd,original_price:bd,is_discount:a,customer_group_id:g,tax_class_id:p,final_price:bd,min_price:bd,max_price:bd},{price:bd,original_price:bd,is_discount:a,customer_group_id:f,tax_class_id:p,final_price:bd,min_price:bd,max_price:bd},{price:bd,original_price:bd,is_discount:a,customer_group_id:j,tax_class_id:p,final_price:bd,min_price:bd,max_price:bd},{price:bd,original_price:bd,is_discount:a,customer_group_id:o,tax_class_id:p,final_price:bd,min_price:bd,max_price:bd}],indexed_attributes:[$,aa,ab,aD,ac,ad,ae,af,ag,ah,ai,aj,aJ,ak,dN,bF,aU,al,aV,aW,bK,bL,am,T,an,ao],category:[{category_id:g,is_virtual:d,category_uid:ap,path:aq,is_marketing:a,position_in_category:jR},{category_id:f,is_parent:b,is_virtual:d,name:r,category_uid:ar,path:as,is_marketing:a,position_in_category:i},{category_id:j,is_parent:b,is_virtual:d,position:o,name:h,category_uid:at,path:au,is_marketing:a,position_in_category:o},{category_id:o,is_parent:b,is_virtual:d,position:g,name:l,category_uid:bN,path:bO,is_marketing:a,position_in_category:g},{category_id:bP,is_parent:b,is_virtual:d,position:e,name:dZ,category_uid:iC,path:iD,is_marketing:a,position_in_category:e},{category_id:Q,is_parent:b,is_virtual:d,name:dC,category_uid:jS,path:jT,is_marketing:a,position_in_category:e},{category_id:dD,is_parent:b,is_virtual:d,name:I,category_uid:d_,path:d$,is_marketing:a,position_in_category:iE},{category_id:dO,is_parent:b,is_virtual:d,name:bT,category_uid:dP,path:dQ,is_marketing:a,position_in_category:e},{category_id:cg,is_parent:b,is_virtual:d,name:l,category_uid:ch,path:ci,is_marketing:a,position_in_category:f},{category_id:aX,is_parent:b,is_virtual:d,name:h,category_uid:aY,path:aZ,is_marketing:a,position_in_category:dE},{category_id:dR,is_parent:b,is_virtual:d,name:R,category_uid:dS,path:dT,is_marketing:a,position_in_category:bU},{category_id:fh,is_parent:b,is_virtual:d,position:e,name:I,category_uid:fi,path:fj,is_marketing:a,position_in_category:e},{category_id:av,is_parent:b,is_virtual:d,position:U,name:s,category_uid:aw,path:ax,is_marketing:a,position_in_category:U},{category_id:dU,is_parent:b,is_virtual:d,name:bV,category_uid:dV,path:dW,is_marketing:a,position_in_category:e},{category_id:bW,is_parent:b,is_virtual:d,position:bm,name:l,category_uid:bX,path:bY,is_marketing:a,position_in_category:bm},{category_id:a_,is_parent:b,is_virtual:d,name:B,category_uid:a$,path:ba,is_marketing:a,position_in_category:e},{category_id:j,is_parent:b,is_virtual:d,name:h,category_uid:at,path:au,is_marketing:a,position_in_category:o},{category_id:o,is_parent:b,is_virtual:d,name:l,category_uid:bN,path:bO,is_marketing:a,position_in_category:g},{category_id:bP,is_parent:b,is_virtual:d,name:dZ,category_uid:iC,path:iD,is_marketing:a,position_in_category:e},{category_id:aE,is_parent:b,is_virtual:d,name:h,category_uid:aF,path:aG,is_marketing:a,position_in_category:g},{category_id:cg,is_parent:b,is_virtual:d,position:e,name:l,category_uid:ch,path:ci,is_marketing:a,position_in_category:f},{category_id:fh,is_parent:b,is_virtual:d,name:I,category_uid:fi,path:fj,is_marketing:a,position_in_category:e},{category_id:av,is_parent:b,is_virtual:d,name:s,category_uid:aw,path:ax,is_marketing:a,position_in_category:U},{category_id:bW,is_parent:b,is_virtual:d,name:l,category_uid:bX,path:bY,is_marketing:a,position_in_category:bm}],name:["Artisanal Italian Drizzle Gift Box"],meta_title:["Artisanal Italian Drizzle Gift Box by Eataly"],meta_description:["Discover Artisanal Italian Drizzle, the ultimate gift box for oil and vinegar lovers. Featuring 7 artisanal oils, vinegars, and condiment, its a true taste of Italy in every drizzle."],image:["\u002Fa\u002Fr\u002Fartisanal_italian_drizzle_usa.png"],small_image:["\u002Fa\u002Fd\u002Fadobe_express_-_file_57_.png"],thumbnail:["\u002Fa\u002Fd\u002Fadobe_express_-_file_58_.png"],url_key:["eataly-the-artisanal-drizzle-holiday2025"],country_of_manufacture:[ay],option_text_country_of_manufacture:[V],mini:["\u002Fa\u002Fd\u002Fadobe_express_-_file_59_.png"],vendor:[az],option_text_vendor:[aA],tech_masterdata_subcategory:[dX],net_weight:[L],description:["\u003Cdiv data-content-type=\"html\" data-appearance=\"default\" data-element=\"main\"\u003E&lt;p&gt;Enjoy the &lt;b&gt;Artisanal Italian Drizzle&lt;\u002Fb&gt; Gift Box with this curated selection of the &lt;strong&gt;best&lt;\u002Fstrong&gt; extra virgin olive oils and vinegars from Italy. Unleash your creativity in the kitchen and discover a symphony of flavors, textures, and aromas that elevate any dish to extraordinary heights.&lt;\u002Fbr&gt;&lt;\u002Fbr&gt;\r\n\r\nThis box contains the following:&lt;\u002Fbr&gt;\r\n&lt;li&gt;Aged White Vinegar 250 ml | Acetaia Dodi&lt;\u002Fli&gt;\r\n&lt;li&gt;Balsamic Vinegar of Modena IGP 250 ml | I Solai&lt;\u002Fli&gt;\r\n&lt;li&gt;Sicilian Extra Virgin Olive Oil IGP 500 ml | Centonze Antonino&lt;\u002Fli&gt;\r\n&lt;li&gt; Unfiltered Italian Extra Virgin Olive Oil 250 ml | Ranieri&lt;\u002Fli&gt;\r\n&lt;li&gt;Primo Extra Virgin Olive Oil DOP 0.25 L | Frantoi Cutrera&lt;\u002Fli&gt;\r\n&lt;li&gt;Carte Noire Extra Virgin Olive Oil DOP 250 ml | ROI&lt;\u002Fli&gt;\r\n&lt;li&gt;Herbed Tomato Sauce 200 g |Appennino Food&lt;\u002Fli&gt;\r\n&lt;\u002Fp&gt;\u003C\u002Fdiv\u003E"],product_notes:[er],shop_by_category:[dy],option_text_shop_by_category:[l],special_price:[jU],weight:[aH],special_from_date:[hq],special_to_date:[jV],news_from_date:[iF],news_to_date:[iG],manufacturer:[cj],option_text_manufacturer:[ck],status:[e],option_text_status:[aB],tax_class_id:[p],option_text_tax_class_id:[dz],unit_of_measurement:[dA],option_text_unit_of_measurement:[dB],stock:{is_in_stock:b,qty:hr},attribute_set_name:dY,category_names:[r,h,l,dZ,dC,I,bT,l,h,R,I,s,bV,l,B,h,l,dZ,h,l,I,s,l]},{entity_id:m_,attribute_set_id:cH,type_id:Z,sku:"1163981",has_options:a,required_options:a,created_at:iB,updated_at:"2025-10-29 13:58:27",row_id:m_,created_in:L,updated_in:_,visibility:N,price:[{price:fV,original_price:aI,is_discount:b,customer_group_id:i,tax_class_id:p,final_price:fV,min_price:fV,max_price:aI},{price:fV,original_price:aI,is_discount:b,customer_group_id:e,tax_class_id:p,final_price:fV,min_price:fV,max_price:aI},{price:aI,original_price:aI,is_discount:a,customer_group_id:g,tax_class_id:p,final_price:aI,min_price:aI,max_price:aI},{price:aI,original_price:aI,is_discount:a,customer_group_id:f,tax_class_id:p,final_price:aI,min_price:aI,max_price:aI},{price:aI,original_price:aI,is_discount:a,customer_group_id:j,tax_class_id:p,final_price:aI,min_price:aI,max_price:aI},{price:aI,original_price:aI,is_discount:a,customer_group_id:o,tax_class_id:p,final_price:aI,min_price:aI,max_price:aI}],indexed_attributes:[$,aa,ab,aD,ac,ad,ae,af,ag,ah,ai,aj,aJ,ak,bF,aU,al,aV,aW,bK,bL,am,T,an,ao],category:[{category_id:g,is_virtual:d,category_uid:ap,path:aq,is_marketing:a,position_in_category:q},{category_id:f,is_virtual:d,name:r,category_uid:ar,path:as,is_marketing:a,position_in_category:q},{category_id:j,is_parent:b,is_virtual:d,name:h,category_uid:at,path:au,is_marketing:a,position_in_category:cI},{category_id:o,is_parent:b,is_virtual:d,position:f,name:l,category_uid:bN,path:bO,is_marketing:a,position_in_category:f},{category_id:bc,is_parent:b,is_virtual:d,name:cr,category_uid:en,path:eo,is_marketing:a,position_in_category:e},{category_id:U,is_parent:b,is_virtual:d,name:R,category_uid:ep,path:eq,is_marketing:a,position_in_category:e},{category_id:dO,is_parent:b,is_virtual:d,name:bT,category_uid:dP,path:dQ,is_marketing:a,position_in_category:e},{category_id:aE,is_parent:b,is_virtual:d,name:h,category_uid:aF,path:aG,is_marketing:a,position_in_category:ea},{category_id:cs,is_parent:b,is_virtual:d,position:fk,name:W,category_uid:ct,path:cu,is_marketing:a,position_in_category:fk},{category_id:aX,is_virtual:d,name:h,category_uid:aY,path:aZ,is_marketing:a,position_in_category:m$},{category_id:dR,is_parent:b,is_virtual:d,name:R,category_uid:dS,path:dT,is_marketing:a,position_in_category:bU},{category_id:av,is_parent:b,is_virtual:d,position:Q,name:s,category_uid:aw,path:ax,is_marketing:a,position_in_category:Q},{category_id:dU,is_parent:b,is_virtual:d,name:bV,category_uid:dV,path:dW,is_marketing:a,position_in_category:e},{category_id:bW,is_parent:b,is_virtual:d,position:Q,name:l,category_uid:bX,path:bY,is_marketing:a,position_in_category:Q},{category_id:a_,is_parent:b,is_virtual:d,name:B,category_uid:a$,path:ba,is_marketing:a,position_in_category:e},{category_id:o,is_parent:b,is_virtual:d,name:l,category_uid:bN,path:bO,is_marketing:a,position_in_category:f},{category_id:cg,is_parent:b,is_virtual:d,position:cd,name:l,category_uid:ch,path:ci,is_marketing:a,position_in_category:g},{category_id:cs,is_parent:b,is_virtual:d,name:W,category_uid:ct,path:cu,is_marketing:a,position_in_category:fk},{category_id:av,is_parent:b,is_virtual:d,name:s,category_uid:aw,path:ax,is_marketing:a,position_in_category:Q},{category_id:bW,is_parent:b,is_virtual:d,name:l,category_uid:bX,path:bY,is_marketing:a,position_in_category:Q}],name:["Italian Dinner for Two Gift Box"],meta_title:["Italian Dinner for Two - Eataly"],meta_description:["Shop Italian Dinner for Two gift box for all your authentic Italian holiday gifts! Only at Eataly!"],image:["\u002Fi\u002Ft\u002Fitalian_dinner_for_two_usa.png"],small_image:["\u002Fa\u002Fd\u002Fadobe_express_-_file_47_.png"],thumbnail:["\u002Fa\u002Fd\u002Fadobe_express_-_file_48_.png"],url_key:["eataly-italian-dinner-for-two"],country_of_manufacture:[ay],option_text_country_of_manufacture:[V],mini:["\u002Fa\u002Fd\u002Fadobe_express_-_file_49_.png"],vendor:[az],option_text_vendor:[aA],tech_masterdata_subcategory:[dX],net_weight:[L],description:["\u003Cdiv data-content-type=\"html\" data-appearance=\"default\" data-element=\"main\"\u003E&lt;p&gt;This thoughtfully-curated collection includes all the ingredients for a classic Ligurian pasta alla Genovese, along with \r\nfocaccina and bruschetta to enjoy while you cook, and a selection of chocolates, cookies, and coffee to conclude your meal.&lt;\u002Fbr&gt;&lt;\u002Fbr&gt;\r\n\r\nThis box contains the following:&lt;\u002Fbr&gt;\r\n&lt;li&gt;Linguine Rigorosa | Rigorosa&lt;\u002Fli&gt;\r\n&lt;li&gt;Perfetto Gianduja | Antica Torroneria&lt;\u002Fli&gt;\r\n&lt;li&gt;Ground 100% Arabica Coffee | Eataly&lt;\u002Fli&gt;\r\n&lt;li&gt;Wildflower Honey | Fratelli Cazzola&lt;\u002Fli&gt;\r\n&lt;li&gt;Classic Focaccina | Grissinificio Bo&lt;\u002Fli&gt;\r\n&lt;li&gt;Genovese Pesto | Italpesto&lt;\u002Fli&gt;\r\n&lt;li&gt;Chocolate Cantucci | Marabissi&lt;\u002Fli&gt;\r\n&lt;li&gt;Unfiltered Italian Extra Virgin Olive Oil | Ranieri&lt;\u002Fli&gt;\r\n&lt;li&gt;Pesto &amp; Bruschetta Ibleo | Segreti Di Sicilia&lt;\u002Fli&gt;&lt;\u002Fp&gt;\r\n\u003C\u002Fdiv\u003E"],shop_by_category:[dy],option_text_shop_by_category:[l],special_price:[138.59],weight:[U],special_from_date:[hp],special_to_date:[cR],news_from_date:["2025-10-27 00:00:00"],news_to_date:["2025-11-21 00:00:00"],manufacturer:[cj],option_text_manufacturer:[ck],status:[e],option_text_status:[aB],tax_class_id:[p],option_text_tax_class_id:[dz],unit_of_measurement:[dA],option_text_unit_of_measurement:[dB],stock:{is_in_stock:b,qty:415},attribute_set_name:dY,category_names:[r,h,l,cr,R,bT,h,W,h,R,s,bV,l,B,l,l,W,s,l]},{entity_id:"21804",attribute_set_id:cH,type_id:Z,sku:"1167653",has_options:a,required_options:a,created_at:"2025-08-05 15:29:06",updated_at:"2025-10-08 15:36:49",row_id:"21818",created_in:L,updated_in:_,visibility:N,price:[{price:fW,original_price:bn,is_discount:b,customer_group_id:i,tax_class_id:p,final_price:fW,min_price:fW,max_price:bn},{price:fW,original_price:bn,is_discount:b,customer_group_id:e,tax_class_id:p,final_price:fW,min_price:fW,max_price:bn},{price:bn,original_price:bn,is_discount:a,customer_group_id:g,tax_class_id:p,final_price:bn,min_price:bn,max_price:bn},{price:bn,original_price:bn,is_discount:a,customer_group_id:f,tax_class_id:p,final_price:bn,min_price:bn,max_price:bn},{price:bn,original_price:bn,is_discount:a,customer_group_id:j,tax_class_id:p,final_price:bn,min_price:bn,max_price:bn},{price:bn,original_price:bn,is_discount:a,customer_group_id:o,tax_class_id:p,final_price:bn,min_price:bn,max_price:bn}],indexed_attributes:[$,aa,ab,aD,ac,ad,ae,af,ag,ah,ai,aj,aJ,ak,dN,bF,aU,al,aV,aW,bK,bL,am,T,an,ao],category:[{category_id:g,is_virtual:d,category_uid:ap,path:aq,is_marketing:a,position_in_category:fl},{category_id:f,is_virtual:d,name:r,category_uid:ar,path:as,is_marketing:a,position_in_category:fl},{category_id:j,is_parent:b,is_virtual:d,name:h,category_uid:at,path:au,is_marketing:a,position_in_category:cI},{category_id:o,is_parent:b,is_virtual:d,position:bP,name:l,category_uid:bN,path:bO,is_marketing:a,position_in_category:bP},{category_id:bc,is_parent:b,is_virtual:d,name:cr,category_uid:en,path:eo,is_marketing:a,position_in_category:e},{category_id:U,is_parent:b,is_virtual:d,name:R,category_uid:ep,path:eq,is_marketing:a,position_in_category:e},{category_id:dO,is_parent:b,is_virtual:d,name:bT,category_uid:dP,path:dQ,is_marketing:a,position_in_category:e},{category_id:bH,is_parent:b,is_virtual:d,name:ce,category_uid:es,path:et,is_marketing:a,position_in_category:i},{category_id:cg,is_parent:b,is_virtual:d,name:l,category_uid:ch,path:ci,is_marketing:a,position_in_category:f},{category_id:aX,is_parent:b,is_virtual:d,name:h,category_uid:aY,path:aZ,is_marketing:a,position_in_category:dE},{category_id:dR,is_parent:b,is_virtual:d,name:R,category_uid:dS,path:dT,is_marketing:a,position_in_category:bU},{category_id:av,is_parent:b,is_virtual:d,name:s,category_uid:aw,path:ax,is_marketing:a,position_in_category:aS},{category_id:dU,is_parent:b,is_virtual:d,name:bV,category_uid:dV,path:dW,is_marketing:a,position_in_category:e},{category_id:bW,is_parent:b,is_virtual:d,position:o,name:l,category_uid:bX,path:bY,is_marketing:a,position_in_category:o},{category_id:a_,is_parent:b,is_virtual:d,name:B,category_uid:a$,path:ba,is_marketing:a,position_in_category:e},{category_id:o,is_parent:b,is_virtual:d,name:l,category_uid:bN,path:bO,is_marketing:a,position_in_category:bP},{category_id:aE,is_parent:b,is_virtual:d,name:h,category_uid:aF,path:aG,is_marketing:a,position_in_category:bm},{category_id:cg,is_parent:b,is_virtual:d,position:o,name:l,category_uid:ch,path:ci,is_marketing:a,position_in_category:f},{category_id:bW,is_parent:b,is_virtual:d,name:l,category_uid:bX,path:bY,is_marketing:a,position_in_category:o}],name:["Benvenuto in Italia Gift Box"],meta_title:["Benvenuto in Italia Gift Box by Eataly"],meta_description:["Discover Benvenuto in Italia, the ultimate gift box for Italian lovers. Featuring some of our favortie sweets, snacks, and condiments, its a true taste of Italy in every bite."],image:["\u002Fb\u002Fe\u002Fbenvenuto_in_italia_usa.png"],small_image:["\u002Fa\u002Fd\u002Fadobe_express_-_file_34__1.png"],thumbnail:["\u002Fa\u002Fd\u002Fadobe_express_-_file_35__1.png"],url_key:["eataly-benvenuto-in-italia-holiday2025"],country_of_manufacture:[ay],option_text_country_of_manufacture:[V],mini:["\u002Fa\u002Fd\u002Fadobe_express_-_file_36__1.png"],vendor:[az],option_text_vendor:[aA],tech_masterdata_subcategory:[dX],net_weight:[L],description:["\u003Cdiv data-content-type=\"html\" data-appearance=\"default\" data-element=\"main\"\u003E&lt;p&gt;Cant make it to Italy this holiday season? Transport yourself with the &lt;b&gt;Benvenuto in Italia&lt;\u002Fb&gt; Gift Box filled with classic Italian ingredients like artisan-made biscotti, single-origin olive oil, truffle risotto, and more. Get a taste of the core of Italian cuisine without even having to leave your kitchen. With salty and sweet classics, this box welcomes you to the best of Italy.&lt;\u002Fbr&gt;&lt;\u002Fbr&gt;\r\n\r\nThis box contains the following:&lt;\u002Fbr&gt;\r\n&lt;li&gt;Bronze Balsamic Vinegar IGP 200 ml | Appennino Food&lt;\u002Fli&gt;\r\n&lt;li&gt;Whole Peeled San Marzano Tomatoes DOP 400 g | Afeltra Pomo&lt;\u002Fli&gt;\r\n&lt;li&gt; Basil Bruschetta 190 g | Alicos&lt;\u002Fli&gt;\r\n&lt;li&gt;Chocolate Spread 230 g| Eataly&lt;\u002Fli&gt;\r\n&lt;li&gt;Classic Cremino Chocolate 200 g | Baratti Milano&lt;\u002Fli&gt;\r\n&lt;li&gt;Extra Fig Jam 350 g | Dalpian&lt;\u002Fli&gt;\r\n&lt;li&gt;Hazelnut Nougat 200 g | Davide Barbero&lt;\u002Fli&gt;\r\n&lt;li&gt; Whole Arabica Coffee Beans 180 g | Eataly&lt;\u002Fli&gt;\r\n&lt;li&gt;Super Spaghettoni 500 g | Eataly&lt;\u002Fli&gt;\r\n&lt;li&gt;Truffle Risotto 250 g | Gli Aironi&lt;\u002Fli&gt;\r\n&lt;li&gt;Genovese Pesto 180 g | Italpesto&lt;\u002Fli&gt;\r\n&lt;li&gt;Violet Artichoke Hearts 190 g | Segreti di Sicilia&lt;\u002Fli&gt;\r\n&lt;li&gt;Chocolate Covered Cantucci 150 g | Marabissi&lt;\u002Fli&gt;\r\n&lt;li&gt;Piedmontese Rubat Breadsticks 200 g | Mario Fongo&lt;\u002Fli&gt;\r\n&lt;li&gt;Extra Virgin Olive Oil 500 ml | ROI&lt;\u002Fli&gt;\r\n&lt;li&gt;Pitted Taggiasca Olives in Oil 180 g | ROI&lt;\u002Fli&gt;&lt;\u002Fp&gt;\r\n\u003C\u002Fdiv\u003E"],product_notes:[er],shop_by_category:[dy],option_text_shop_by_category:[l],special_price:[jU],weight:[cJ],special_from_date:[hq],special_to_date:[jV],news_from_date:[iF],news_to_date:[iG],manufacturer:[cj],option_text_manufacturer:[ck],status:[e],option_text_status:[aB],tax_class_id:[p],option_text_tax_class_id:[dz],unit_of_measurement:[dA],option_text_unit_of_measurement:[dB],stock:{is_in_stock:b,qty:jW},attribute_set_name:dY,category_names:[r,h,l,cr,R,bT,ce,l,h,R,s,bV,l,B,l,h,l,l]},{entity_id:"21801",attribute_set_id:cH,type_id:Z,sku:na,has_options:a,required_options:a,created_at:"2025-08-05 14:58:23",updated_at:"2025-10-09 15:44:35",row_id:"21815",created_in:L,updated_in:_,visibility:N,price:[{price:fX,original_price:bo,is_discount:b,customer_group_id:i,tax_class_id:p,final_price:fX,min_price:fX,max_price:bo},{price:fX,original_price:bo,is_discount:b,customer_group_id:e,tax_class_id:p,final_price:fX,min_price:fX,max_price:bo},{price:bo,original_price:bo,is_discount:a,customer_group_id:g,tax_class_id:p,final_price:bo,min_price:bo,max_price:bo},{price:bo,original_price:bo,is_discount:a,customer_group_id:f,tax_class_id:p,final_price:bo,min_price:bo,max_price:bo},{price:bo,original_price:bo,is_discount:a,customer_group_id:j,tax_class_id:p,final_price:bo,min_price:bo,max_price:bo},{price:bo,original_price:bo,is_discount:a,customer_group_id:o,tax_class_id:p,final_price:bo,min_price:bo,max_price:bo}],indexed_attributes:[$,aa,ab,aD,ac,ad,ae,af,ag,ah,ai,aj,aJ,ak,dN,bF,al,aU,aV,aW,bK,bL,am,T,an,ao],category:[{category_id:g,is_virtual:d,category_uid:ap,path:aq,is_marketing:a,position_in_category:jX},{category_id:f,is_parent:b,is_virtual:d,name:r,category_uid:ar,path:as,is_marketing:a,position_in_category:jY},{category_id:j,is_parent:b,is_virtual:d,name:h,category_uid:at,path:au,is_marketing:a,position_in_category:cI},{category_id:o,is_parent:b,is_virtual:d,position:aH,name:l,category_uid:bN,path:bO,is_marketing:a,position_in_category:aH},{category_id:bc,is_parent:b,is_virtual:d,name:cr,category_uid:en,path:eo,is_marketing:a,position_in_category:e},{category_id:Q,is_parent:b,is_virtual:d,name:dC,category_uid:jS,path:jT,is_marketing:a,position_in_category:e},{category_id:dO,is_parent:b,is_virtual:d,name:bT,category_uid:dP,path:dQ,is_marketing:a,position_in_category:e},{category_id:aE,is_parent:b,is_virtual:d,name:h,category_uid:aF,path:aG,is_marketing:a,position_in_category:ea},{category_id:cg,is_parent:b,is_virtual:d,name:l,category_uid:ch,path:ci,is_marketing:a,position_in_category:f},{category_id:eu,is_parent:b,is_virtual:d,name:cl,category_uid:ev,path:ew,is_marketing:a,position_in_category:e},{category_id:aX,is_parent:b,is_virtual:d,name:h,category_uid:aY,path:aZ,is_marketing:a,position_in_category:dE},{category_id:hs,is_parent:b,is_virtual:d,name:bp,category_uid:ht,path:hu,is_marketing:a,position_in_category:e},{category_id:av,is_virtual:d,name:s,category_uid:aw,path:ax,is_marketing:a,position_in_category:jZ},{category_id:bW,is_parent:b,is_virtual:d,name:l,category_uid:bX,path:bY,is_marketing:a,position_in_category:cS},{category_id:o,is_parent:b,is_virtual:d,name:l,category_uid:bN,path:bO,is_marketing:a,position_in_category:aH},{category_id:cg,is_parent:b,is_virtual:d,position:bm,name:l,category_uid:ch,path:ci,is_marketing:a,position_in_category:f}],name:["Self-Care all'Italiana Gift Box"],meta_title:["Self-Care AllItaliana Sweets Gift Box | Italian Chocolate & Treats by Eataly"],meta_description:["Unwind the Italian way with Eatalys Self-Care AllItaliana Gift Box  a curated selection of indulgent chocolates, cookies, and sweets crafted for moments of pure joy and relaxation."],image:["\u002Fs\u002Fe\u002Fself_care_all_italiana_usa_1_.png"],small_image:["\u002Fa\u002Fd\u002Fadobe_express_-_file_51_.png"],thumbnail:["\u002Fa\u002Fd\u002Fadobe_express_-_file_52_.png"],url_key:["eataly-self-care-allitaliana-holiday-2025"],country_of_manufacture:[ay],option_text_country_of_manufacture:[V],mini:["\u002Fa\u002Fd\u002Fadobe_express_-_file_53_.png"],vendor:[az],option_text_vendor:[aA],tech_masterdata_subcategory:[dX],net_weight:[L],description:["\u003Cdiv data-content-type=\"html\" data-appearance=\"default\" data-element=\"main\"\u003E&lt;p&gt;Experience the epitome of well-being with &lt;strong&gt;Self-care all'Italiana&lt;\u002Fstrong&gt;  an exquisite gift box that combines luxurious housewares, delectable Italian sweets, and premium Italian teas. Embrace relaxation, indulge in decadence, and prioritize well-being with this elegant assortment that transports its lucky recipient to a world of tranquility and bliss.&lt;\u002Fbr&gt;&lt;\u002Fbr&gt;\r\n\r\nThis box contains the following:&lt;\u002Fbr&gt;\r\n&lt;li&gt;Extra Dark Chocolate Bar with Orange &amp; Almonds 75 g | Baratti Milano&lt;\u002Fli&gt;\r\n&lt;li&gt;Coconut Crunch Cookies 115 g| Deseo SRL&lt;\u002Fli&gt;\r\n&lt;li&gt;Pistachio Tozzetti Cookies 200 gr | Antica Dolceria&lt;\u002Fli&gt;\r\n&lt;li&gt;Soft Amaretti Almond Cookies 250 gr | Fabbrica del Panfort&lt;\u002Fli&gt;\r\n&lt;li&gt;Gianduja Chocolate Spread Tube 115 g | Leone &lt;\u002Fli&gt;\r\n&lt;li&gt;Chocolate-Covered Raspberries | T A Milano&lt;\u002Fli&gt;\r\n&lt;li&gt;Pistachio Cantucci 120 g | Marabissi&lt;\u002Fli&gt;\r\n&lt;li&gt;Bitter Orange Marmalade 330 g | Agrimontana&lt;\u002Fli&gt;\r\n&lt;li&gt;Raspberry Drops 150 g | Albergian&lt;\u002Fli&gt;\r\n&lt;li&gt;Organic Chamomile Tea | Valverbe&lt;\u002Fli&gt;&lt;\u002Fp&gt;\u003C\u002Fdiv\u003E"],product_notes:[er],shop_by_category:[dy],option_text_shop_by_category:[l],weight:[bc],special_price:[jU],special_from_date:[hq],special_to_date:[jV],news_from_date:[iF],news_to_date:[iG],manufacturer:[cj],option_text_manufacturer:[ck],status:[e],option_text_status:[aB],tax_class_id:[p],option_text_tax_class_id:[dz],unit_of_measurement:[dA],option_text_unit_of_measurement:[dB],stock:{is_in_stock:b,qty:296},attribute_set_name:dY,category_names:[r,h,l,cr,dC,bT,h,l,cl,h,bp,s,l,l,l]},{entity_id:nb,attribute_set_id:cH,type_id:Z,sku:nc,has_options:a,required_options:a,created_at:iB,updated_at:"2025-10-08 15:49:37",row_id:nb,created_in:L,updated_in:_,visibility:N,price:[{price:da,original_price:J,is_discount:b,customer_group_id:i,tax_class_id:p,final_price:da,min_price:da,max_price:J},{price:da,original_price:J,is_discount:b,customer_group_id:e,tax_class_id:p,final_price:da,min_price:da,max_price:J},{price:J,original_price:J,is_discount:a,customer_group_id:g,tax_class_id:p,final_price:J,min_price:J,max_price:J},{price:J,original_price:J,is_discount:a,customer_group_id:f,tax_class_id:p,final_price:J,min_price:J,max_price:J},{price:J,original_price:J,is_discount:a,customer_group_id:j,tax_class_id:p,final_price:J,min_price:J,max_price:J},{price:J,original_price:J,is_discount:a,customer_group_id:o,tax_class_id:p,final_price:J,min_price:J,max_price:J}],indexed_attributes:[$,aa,ab,aD,ac,ad,ae,af,ag,ah,ai,eb,aj,aJ,ak,dN,bF,aU,al,aV,aW,bK,bL,am,T,an,ao],category:[{category_id:g,is_virtual:d,category_uid:ap,path:aq,is_marketing:a,position_in_category:nd},{category_id:f,is_virtual:d,name:r,category_uid:ar,path:as,is_marketing:a,position_in_category:q},{category_id:j,is_parent:b,is_virtual:d,name:h,category_uid:at,path:au,is_marketing:a,position_in_category:cI},{category_id:o,is_parent:b,is_virtual:d,position:Q,name:l,category_uid:bN,path:bO,is_marketing:a,position_in_category:Q},{category_id:bc,is_parent:b,is_virtual:d,name:cr,category_uid:en,path:eo,is_marketing:a,position_in_category:e},{category_id:dO,is_parent:b,is_virtual:d,name:bT,category_uid:dP,path:dQ,is_marketing:a,position_in_category:e},{category_id:ne,is_virtual:d,name:hv,category_uid:nf,path:ng,is_marketing:a,position_in_category:nd},{category_id:cg,is_parent:b,is_virtual:d,name:l,category_uid:ch,path:ci,is_marketing:a,position_in_category:f},{category_id:eu,is_parent:b,is_virtual:d,name:cl,category_uid:ev,path:ew,is_marketing:a,position_in_category:e},{category_id:322,is_parent:b,is_virtual:d,name:j_,category_uid:"MzIy",path:"1\u002F2\u002F141\u002F322",is_marketing:a,position_in_category:-64},{category_id:cs,is_parent:b,is_virtual:d,position:j$,name:W,category_uid:ct,path:cu,is_marketing:a,position_in_category:j$},{category_id:aX,is_parent:b,is_virtual:d,name:h,category_uid:aY,path:aZ,is_marketing:a,position_in_category:dE},{category_id:hs,is_parent:b,is_virtual:d,name:bp,category_uid:ht,path:hu,is_marketing:a,position_in_category:e},{category_id:fY,is_parent:b,is_virtual:d,name:aK,category_uid:fZ,path:f_,is_marketing:a,position_in_category:e},{category_id:ex,is_parent:b,is_virtual:d,position:e,name:bb,category_uid:fm,path:fn,is_marketing:a,position_in_category:e},{category_id:f$,is_parent:b,is_virtual:d,position:e,name:bp,category_uid:ga,path:gb,is_marketing:a,position_in_category:e},{category_id:hw,is_parent:b,is_virtual:d,name:bQ,category_uid:hx,path:hy,is_marketing:a,position_in_category:cI},{category_id:ey,is_parent:b,is_virtual:d,name:cm,category_uid:ez,path:eA,is_marketing:a,position_in_category:gc},{category_id:av,is_parent:b,is_virtual:d,position:cf,name:s,category_uid:aw,path:ax,is_marketing:a,position_in_category:cf},{category_id:dU,is_parent:b,is_virtual:d,name:bV,category_uid:dV,path:dW,is_marketing:a,position_in_category:e},{category_id:bW,is_parent:b,is_virtual:d,position:aH,name:l,category_uid:bX,path:bY,is_marketing:a,position_in_category:aH},{category_id:a_,is_parent:b,is_virtual:d,name:B,category_uid:a$,path:ba,is_marketing:a,position_in_category:e},{category_id:o,is_parent:b,is_virtual:d,name:l,category_uid:bN,path:bO,is_marketing:a,position_in_category:Q},{category_id:aE,is_parent:b,is_virtual:d,name:h,category_uid:aF,path:aG,is_marketing:a,position_in_category:bc},{category_id:cg,is_parent:b,is_virtual:d,position:bP,name:l,category_uid:ch,path:ci,is_marketing:a,position_in_category:f},{category_id:cs,is_parent:b,is_virtual:d,name:W,category_uid:ct,path:cu,is_marketing:a,position_in_category:j$},{category_id:ex,is_parent:b,is_virtual:d,name:bb,category_uid:fm,path:fn,is_marketing:a,position_in_category:e},{category_id:f$,is_parent:b,is_virtual:d,name:bp,category_uid:ga,path:gb,is_marketing:a,position_in_category:e},{category_id:av,is_parent:b,is_virtual:d,name:s,category_uid:aw,path:ax,is_marketing:a,position_in_category:cf},{category_id:bW,is_parent:b,is_virtual:d,name:l,category_uid:bX,path:bY,is_marketing:a,position_in_category:aH}],name:["Dolci Heaven Gift Box"],meta_title:["Dolci Heaven Gift Box by Eataly"],meta_description:["Discover Dolci Heaven, the ultimate gift box for pasta lovers. Featuring 12 artisanal sweets and coffee, its a true taste of Italy in every bite."],image:["\u002Fd\u002Fo\u002Fdolci_heaven_usa.png"],small_image:["\u002Fa\u002Fd\u002Fadobe_express_-_file_60_.png"],thumbnail:["\u002Fa\u002Fd\u002Fadobe_express_-_file_61_.png"],url_key:["eataly-dolci-heaven"],country_of_manufacture:[ay],option_text_country_of_manufacture:[V],mini:["\u002Fa\u002Fd\u002Fadobe_express_-_file_62_.png"],vendor:[az],option_text_vendor:[aA],event_label:[eB],tech_masterdata_subcategory:[dX],net_weight:[L],description:["\u003Cdiv data-content-type=\"html\" data-appearance=\"default\" data-element=\"main\"\u003E&lt;p&gt;We hope you enjoy the gourmet specialties in your &lt;strong&gt;Dolci Heaven&lt;\u002Fstrong&gt; box, featuring beloved confections like amaretti \r\ncookies alongside unique regional specialties like indulgent chocolate hazelnut spread from Piemonte.&lt;\u002Fbr&gt;&lt;\u002Fbr&gt;\r\n\r\nThis gift box contains the following:&lt;\u002Fbr&gt;\r\n&lt;li&gt;Mixed Sweet Truffles 140 g | Antica Torroneria&lt;\u002Fli&gt;\r\n&lt;li&gt;Chocolate-Covered Orange Peels 150 g | Bodrato Cioccolato&lt;\u002Fli&gt;\r\n&lt;li&gt;Amaretti Lemon Cookies 190 g | Marabissi&lt;\u002Fli&gt;\r\n&lt;li&gt;Extra Dark Chocolate Bar 70% 75 g| Baratti Milano&lt;\u002Fli&gt;\r\n&lt;li&gt;Chocolate Orange Crunch Cookies 115 g | Deseo SRL&lt;\u002Fli&gt;\r\n&lt;li&gt;Gianduja Spread Tube 115 g| Leone&lt;\u002Fli&gt;\r\n&lt;li&gt;Cremino Fiat 4-Piece Mix Chocolates 41 g| Majani 1796 SPA&lt;\u002Fli&gt;\r\n&lt;li&gt;Cantucci with Candied Orange 180 g| Deseo&lt;\u002Fli&gt;\r\n&lt;li&gt;Amaretti Cappuccino Cookies 190 g| Marabissi&lt;\u002Fli&gt;\r\n&lt;li&gt;Baci di Dama 200 g | Biscottificio Roero&lt;\u002Fli&gt;\r\n&lt;li&gt;Soft Torrone Gianduja Nougat 170 g | Rivoltini&lt;\u002Fli&gt;\r\n&lt;li&gt;Dark Chocolate Bar with Raspberry | Ta Milano&lt;\u002Fli&gt;\r\n&lt;li&gt;Ground 100% Arabica Coffee 180 g | Eataly&lt;\u002Fli&gt;\r\n&lt;\u002Fp&gt;\u003C\u002Fdiv\u003E"],product_notes:[er],shop_by_category:[dy],option_text_shop_by_category:[l],special_price:[bd],weight:[aH],special_from_date:[hp],special_to_date:[cR],news_from_date:[iF],news_to_date:[iG],manufacturer:[cj],option_text_manufacturer:[ck],status:[e],option_text_status:[aB],tax_class_id:[p],option_text_tax_class_id:[dz],unit_of_measurement:[dA],option_text_unit_of_measurement:[dB],stock:{is_in_stock:b,qty:ex},attribute_set_name:dY,category_names:[r,h,l,cr,bT,hv,l,cl,j_,W,h,bp,aK,bb,bp,bQ,cm,s,bV,l,B,l,h,l,W,bb,bp,s,l]},{entity_id:nh,attribute_set_id:cH,type_id:Z,sku:"1163978",has_options:a,required_options:a,created_at:"2024-10-07 14:50:13",updated_at:"2025-10-08 15:53:47",row_id:"21423",created_in:L,updated_in:_,visibility:N,price:[{price:gd,original_price:bq,is_discount:b,customer_group_id:i,tax_class_id:p,final_price:gd,min_price:gd,max_price:bq},{price:gd,original_price:bq,is_discount:b,customer_group_id:e,tax_class_id:p,final_price:gd,min_price:gd,max_price:bq},{price:bq,original_price:bq,is_discount:a,customer_group_id:g,tax_class_id:p,final_price:bq,min_price:bq,max_price:bq},{price:bq,original_price:bq,is_discount:a,customer_group_id:f,tax_class_id:p,final_price:bq,min_price:bq,max_price:bq},{price:bq,original_price:bq,is_discount:a,customer_group_id:j,tax_class_id:p,final_price:bq,min_price:bq,max_price:bq},{price:bq,original_price:bq,is_discount:a,customer_group_id:o,tax_class_id:p,final_price:bq,min_price:bq,max_price:bq}],indexed_attributes:[$,aa,ab,aD,ac,ad,ae,af,ag,ah,ai,aj,aJ,ak,dN,bF,al,aU,aV,aW,bK,bL,am,T,an,ao],category:[{category_id:g,is_virtual:d,category_uid:ap,path:aq,is_marketing:a,position_in_category:jX},{category_id:f,is_virtual:d,name:r,category_uid:ar,path:as,is_marketing:a,position_in_category:jX},{category_id:j,is_parent:b,is_virtual:d,position:f,name:h,category_uid:at,path:au,is_marketing:a,position_in_category:f},{category_id:o,is_parent:b,is_virtual:d,position:cy,name:l,category_uid:bN,path:bO,is_marketing:a,position_in_category:cy},{category_id:U,is_parent:b,is_virtual:d,name:R,category_uid:ep,path:eq,is_marketing:a,position_in_category:e},{category_id:dO,is_parent:b,is_virtual:d,name:bT,category_uid:dP,path:dQ,is_marketing:a,position_in_category:e},{category_id:bH,is_parent:b,is_virtual:d,name:ce,category_uid:es,path:et,is_marketing:a,position_in_category:jY},{category_id:91,is_parent:b,is_virtual:d,name:ka,category_uid:"OTE=",path:"1\u002F2\u002F3\u002F78\u002F91",is_marketing:a,position_in_category:iE},{category_id:ne,is_parent:b,is_virtual:d,name:hv,category_uid:nf,path:ng,is_marketing:a,position_in_category:iH},{category_id:cg,is_parent:b,is_virtual:d,name:l,category_uid:ch,path:ci,is_marketing:a,position_in_category:f},{category_id:ni,is_parent:b,is_virtual:d,name:h,category_uid:"MzIw",path:"1\u002F2\u002F141\u002F320",is_marketing:a,position_in_category:iE},{category_id:cs,is_parent:b,is_virtual:d,position:fo,name:W,category_uid:ct,path:cu,is_marketing:a,position_in_category:fo},{category_id:hz,is_parent:b,is_virtual:d,name:dq,category_uid:hA,path:hB,is_marketing:a,position_in_category:e},{category_id:aX,is_parent:b,is_virtual:d,name:h,category_uid:aY,path:aZ,is_marketing:a,position_in_category:dE},{category_id:hC,is_parent:b,is_virtual:d,name:dr,category_uid:hD,path:hE,is_marketing:a,position_in_category:e},{category_id:dR,is_parent:b,is_virtual:d,name:R,category_uid:dS,path:dT,is_marketing:a,position_in_category:bU},{category_id:ey,is_parent:b,is_virtual:d,name:cm,category_uid:ez,path:eA,is_marketing:a,position_in_category:gc},{category_id:av,is_parent:b,is_virtual:d,name:s,category_uid:aw,path:ax,is_marketing:a,position_in_category:aS},{category_id:dU,is_parent:b,is_virtual:d,name:bV,category_uid:dV,path:dW,is_marketing:a,position_in_category:e},{category_id:bW,is_parent:b,is_virtual:d,position:aC,name:l,category_uid:bX,path:bY,is_marketing:a,position_in_category:aC},{category_id:a_,is_parent:b,is_virtual:d,name:B,category_uid:a$,path:ba,is_marketing:a,position_in_category:e},{category_id:j,is_parent:b,is_virtual:d,name:h,category_uid:at,path:au,is_marketing:a,position_in_category:f},{category_id:o,is_parent:b,is_virtual:d,name:l,category_uid:bN,path:bO,is_marketing:a,position_in_category:cy},{category_id:aE,is_parent:b,is_virtual:d,name:h,category_uid:aF,path:aG,is_marketing:a,position_in_category:cS},{category_id:cg,is_parent:b,is_virtual:d,position:f,name:l,category_uid:ch,path:ci,is_marketing:a,position_in_category:f},{category_id:cs,is_parent:b,is_virtual:d,name:W,category_uid:ct,path:cu,is_marketing:a,position_in_category:fo},{category_id:bW,is_parent:b,is_virtual:d,name:l,category_uid:bX,path:bY,is_marketing:a,position_in_category:aC}],name:["Aperitivo All'Italiana Gift Box"],meta_title:["Aperitivo All'Italiana Gift Box by Eataly"],meta_description:["Discover Aperitivo All&apos;Italiana Gift Box, the ultimate gift box for appetizer lovers. Featuring gourmet pantry condiments that enhance any Italian dish you will prepare in your home."],image:["\u002Fa\u002Fp\u002Faperitivo_all_italian_usa.png"],small_image:["\u002Fa\u002Fd\u002Fadobe_express_-_file_44_.png"],thumbnail:["\u002Fa\u002Fd\u002Fadobe_express_-_file_45_.png"],url_key:["eataly-aperitivo-all-italiana-2025"],country_of_manufacture:[ay],option_text_country_of_manufacture:[V],mini:["\u002Fa\u002Fd\u002Fadobe_express_-_file_46_.png"],vendor:[az],option_text_vendor:[aA],tech_masterdata_subcategory:[dX],net_weight:[L],description:["\u003Cdiv data-content-type=\"html\" data-appearance=\"default\" data-element=\"main\"\u003E&lt;p&gt;From focaccia breadsticks to rich green olive spread, this thoughtfully curated &lt;strong&gt;Aperitivo allItalian&lt;\u002Fstrong&gt; gift box has \r\neverything you need to host friends for a classic Italian happy hour or a festive holiday gathering.&lt;\u002Fbr&gt;&lt;\u002Fbr&gt;\r\n\r\nThis box contains the following:&lt;\u002Fbr&gt;\r\n&lt;li&gt;Basil Bruschetta 190 g | Alicos&lt;\u002Fli&gt;\r\n&lt;li&gt;Bella di Cerignola Olives 290 g | Andrea Fratepietro&lt;\u002Fli&gt;\r\n&lt;li&gt;Classic Mini Rubata Breadsticks 100 g | Il Panate Mario Fong&lt;\u002Fli&gt;\r\n&lt;li&gt;Pitted Taggiasca Olives 180 g| Italpesto&lt;\u002Fli&gt;\r\n&lt;li&gt;Classic Tarallini 230 g | Terre di Puglia&lt;\u002Fli&gt;\r\n&lt;li&gt;Chopped Tomatoes 90 g | ROI&lt;\u002Fli&gt;&lt;\u002Fp&gt;\u003C\u002Fdiv\u003E"],product_notes:[er],shop_by_category:[dy],option_text_shop_by_category:[l],weight:[o],special_price:[69.29],special_from_date:[hp],special_to_date:[cR],news_from_date:[nj],news_to_date:[eC],manufacturer:[cj],option_text_manufacturer:[ck],status:[e],option_text_status:[aB],tax_class_id:[p],option_text_tax_class_id:[dz],unit_of_measurement:[dA],option_text_unit_of_measurement:[dB],stock:{is_in_stock:b,qty:kb},attribute_set_name:dY,category_names:[r,h,l,R,bT,ce,ka,hv,l,h,W,dq,h,dr,R,cm,s,bV,l,B,h,l,h,l,W,l]},{entity_id:nk,attribute_set_id:cH,type_id:Z,sku:"1163980",has_options:a,required_options:a,created_at:iB,updated_at:"2025-10-08 15:52:57",row_id:nk,created_in:L,updated_in:_,visibility:N,price:[{price:ge,original_price:br,is_discount:b,customer_group_id:i,tax_class_id:p,final_price:ge,min_price:ge,max_price:br},{price:ge,original_price:br,is_discount:b,customer_group_id:e,tax_class_id:p,final_price:ge,min_price:ge,max_price:br},{price:br,original_price:br,is_discount:a,customer_group_id:g,tax_class_id:p,final_price:br,min_price:br,max_price:br},{price:br,original_price:br,is_discount:a,customer_group_id:f,tax_class_id:p,final_price:br,min_price:br,max_price:br},{price:br,original_price:br,is_discount:a,customer_group_id:j,tax_class_id:p,final_price:br,min_price:br,max_price:br},{price:br,original_price:br,is_discount:a,customer_group_id:o,tax_class_id:p,final_price:br,min_price:br,max_price:br}],indexed_attributes:[$,aa,ab,aD,ac,ad,ae,af,ag,ah,ai,aj,aJ,ak,dN,bF,aU,al,aV,aW,bK,bL,am,T,an,ao],category:[{category_id:g,is_virtual:d,category_uid:ap,path:aq,is_marketing:a,position_in_category:q},{category_id:f,is_virtual:d,name:r,category_uid:ar,path:as,is_marketing:a,position_in_category:q},{category_id:j,is_parent:b,is_virtual:d,position:g,name:h,category_uid:at,path:au,is_marketing:a,position_in_category:g},{category_id:o,is_parent:b,is_virtual:d,position:cf,name:l,category_uid:bN,path:bO,is_marketing:a,position_in_category:cf},{category_id:bc,is_parent:b,is_virtual:d,name:cr,category_uid:en,path:eo,is_marketing:a,position_in_category:e},{category_id:U,is_parent:b,is_virtual:d,name:R,category_uid:ep,path:eq,is_marketing:a,position_in_category:e},{category_id:dO,is_parent:b,is_virtual:d,name:bT,category_uid:dP,path:dQ,is_marketing:a,position_in_category:e},{category_id:cg,is_parent:b,is_virtual:d,name:l,category_uid:ch,path:ci,is_marketing:a,position_in_category:f},{category_id:cs,is_parent:b,is_virtual:d,position:iI,name:W,category_uid:ct,path:cu,is_marketing:a,position_in_category:iI},{category_id:hz,is_parent:b,is_virtual:d,name:dq,category_uid:hA,path:hB,is_marketing:a,position_in_category:e},{category_id:aX,is_parent:b,is_virtual:d,name:h,category_uid:aY,path:aZ,is_marketing:a,position_in_category:dE},{category_id:hC,is_parent:b,is_virtual:d,name:dr,category_uid:hD,path:hE,is_marketing:a,position_in_category:e},{category_id:dR,is_parent:b,is_virtual:d,name:R,category_uid:dS,path:dT,is_marketing:a,position_in_category:bU},{category_id:av,is_parent:b,is_virtual:d,name:s,category_uid:aw,path:ax,is_marketing:a,position_in_category:aS},{category_id:dU,is_parent:b,is_virtual:d,name:bV,category_uid:dV,path:dW,is_marketing:a,position_in_category:e},{category_id:bW,is_parent:b,is_virtual:d,position:cy,name:l,category_uid:bX,path:bY,is_marketing:a,position_in_category:cy},{category_id:a_,is_parent:b,is_virtual:d,name:B,category_uid:a$,path:ba,is_marketing:a,position_in_category:e},{category_id:j,is_parent:b,is_virtual:d,name:h,category_uid:at,path:au,is_marketing:a,position_in_category:g},{category_id:o,is_parent:b,is_virtual:d,name:l,category_uid:bN,path:bO,is_marketing:a,position_in_category:cf},{category_id:aE,is_parent:b,is_virtual:d,name:h,category_uid:aF,path:aG,is_marketing:a,position_in_category:f},{category_id:cg,is_parent:b,is_virtual:d,position:U,name:l,category_uid:ch,path:ci,is_marketing:a,position_in_category:f},{category_id:cs,is_parent:b,is_virtual:d,name:W,category_uid:ct,path:cu,is_marketing:a,position_in_category:iI},{category_id:bW,is_parent:b,is_virtual:d,name:l,category_uid:bX,path:bY,is_marketing:a,position_in_category:cy}],name:["Pasta Icons Gift Box"],meta_title:["Pasta Icons Gift Box by Eataly!"],meta_description:["Discover Pasta Icons Gift Box, the ultimate gift box for pasta lovers. Featuring 3 artisanal pasta shapes with sauces and condiments, its a true taste of Italy in every bite."],image:["\u002Fp\u002Fa\u002Fpasta_icons_usa.png"],small_image:["\u002Fa\u002Fd\u002Fadobe_express_-_file_37_.png"],thumbnail:["\u002Fa\u002Fd\u002Fadobe_express_-_file_38_.png"],url_key:["eataly-pasta-icons"],country_of_manufacture:[ay],option_text_country_of_manufacture:[V],mini:["\u002Fa\u002Fd\u002Fadobe_express_-_file_39_.png"],vendor:[az],option_text_vendor:[aA],tech_masterdata_subcategory:[dX],net_weight:[L],description:["\u003Cdiv data-content-type=\"html\" data-appearance=\"default\" data-element=\"main\"\u003E&lt;p&gt;Inside this &lt;strong&gt;Pasta Icons&lt;\u002Fstrong&gt; Box, weve included some of Italys most iconic regional pastas and sauces, from Ligurian trofiette to Sicilian pistachio pesto.&lt;\u002Fbr&gt;&lt;\u002Fbr&gt;\r\n\r\nThis box contains the following:&lt;\u002Fbr&gt;\r\n&lt;li&gt;Trofiette Pasta 500 g | Alta Valle Scrivia&lt;\u002Fli&gt;\r\n&lt;li&gt;Bucatini Pasta 500 gr | Eataly&lt;\u002Fli&gt;\r\n&lt;li&gt;Spicy Mediterranean Sauce 290 g | Il Vallino&lt;\u002Fli&gt;\r\n&lt;li&gt;Basil Genovese Pesto without Garlic 180 g | Italpesto&lt;\u002Fli&gt;\r\n&lt;li&gt;Truffle Fettuccine 250 g | Filotea&lt;\u002Fli&gt;\r\n&lt;li&gt;Basil Pesto 190 g | Segreti di Sicilia&lt;\u002Fli&gt;\r\n&lt;\u002Fp&gt;\u003C\u002Fdiv\u003E"],product_notes:[er],shop_by_category:[dy],option_text_shop_by_category:[l],special_price:[89.09],weight:[bP],special_from_date:[hp],special_to_date:[cR],news_from_date:[nj],news_to_date:[eC],manufacturer:[cj],option_text_manufacturer:[ck],status:[e],option_text_status:[aB],tax_class_id:[p],option_text_tax_class_id:[dz],unit_of_measurement:[dA],option_text_unit_of_measurement:[dB],stock:{is_in_stock:b,qty:146},attribute_set_name:dY,category_names:[r,h,l,cr,R,bT,l,W,dq,h,dr,R,s,bV,l,B,h,l,h,l,W,l]},{entity_id:"21829",attribute_set_id:bI,type_id:Z,sku:"1167649",has_options:a,required_options:a,created_at:"2025-10-01 20:54:31",updated_at:"2025-10-23 16:42:53",row_id:"21843",created_in:L,updated_in:_,visibility:N,price:[{price:gf,original_price:bs,is_discount:b,customer_group_id:i,tax_class_id:p,final_price:gf,min_price:gf,max_price:bs},{price:gf,original_price:bs,is_discount:b,customer_group_id:e,tax_class_id:p,final_price:gf,min_price:gf,max_price:bs},{price:bs,original_price:bs,is_discount:a,customer_group_id:g,tax_class_id:p,final_price:bs,min_price:bs,max_price:bs},{price:bs,original_price:bs,is_discount:a,customer_group_id:f,tax_class_id:p,final_price:bs,min_price:bs,max_price:bs},{price:bs,original_price:bs,is_discount:a,customer_group_id:j,tax_class_id:p,final_price:bs,min_price:bs,max_price:bs},{price:bs,original_price:bs,is_discount:a,customer_group_id:o,tax_class_id:p,final_price:bs,min_price:bs,max_price:bs}],indexed_attributes:[$,aa,ab,aD,ac,ad,ae,af,ag,ah,ai,aj,aJ,ak,dN,bF,al,bK,bL,am,T,an,ao],category:[{category_id:g,is_virtual:d,category_uid:ap,path:aq,is_marketing:a,position_in_category:nl},{category_id:f,is_virtual:d,name:r,category_uid:ar,path:as,is_marketing:a,position_in_category:nl},{category_id:j,is_parent:b,is_virtual:d,name:h,category_uid:at,path:au,is_marketing:a,position_in_category:cI},{category_id:o,is_parent:b,is_virtual:d,position:aC,name:l,category_uid:bN,path:bO,is_marketing:a,position_in_category:aC},{category_id:ec,is_parent:b,is_virtual:d,name:bR,category_uid:ed,path:ee,is_marketing:a,position_in_category:e},{category_id:aE,is_parent:b,is_virtual:d,name:h,category_uid:aF,path:aG,is_marketing:a,position_in_category:ea},{category_id:cg,is_parent:b,is_virtual:d,name:l,category_uid:ch,path:ci,is_marketing:a,position_in_category:f},{category_id:eu,is_parent:b,is_virtual:d,name:cl,category_uid:ev,path:ew,is_marketing:a,position_in_category:i},{category_id:cs,is_parent:b,is_virtual:d,position:cI,name:W,category_uid:ct,path:cu,is_marketing:a,position_in_category:cI},{category_id:hz,is_parent:b,is_virtual:d,name:dq,category_uid:hA,path:hB,is_marketing:a,position_in_category:i},{category_id:aX,is_parent:b,is_virtual:d,name:h,category_uid:aY,path:aZ,is_marketing:a,position_in_category:dE},{category_id:hC,is_parent:b,is_virtual:d,name:dr,category_uid:hD,path:hE,is_marketing:a,position_in_category:e},{category_id:ex,is_parent:b,is_virtual:d,name:bb,category_uid:fm,path:fn,is_marketing:a,position_in_category:kc},{category_id:hF,is_parent:b,is_virtual:d,name:bb,category_uid:hG,path:hH,is_marketing:a,position_in_category:kc},{category_id:av,is_parent:b,is_virtual:d,name:s,category_uid:aw,path:ax,is_marketing:a,position_in_category:aS},{category_id:dU,is_parent:b,is_virtual:d,name:bV,category_uid:dV,path:dW,is_marketing:a,position_in_category:e},{category_id:bW,is_parent:b,is_virtual:d,position:cJ,name:l,category_uid:bX,path:bY,is_marketing:a,position_in_category:cJ},{category_id:a_,is_parent:b,is_virtual:d,name:B,category_uid:a$,path:ba,is_marketing:a,position_in_category:e},{category_id:o,is_parent:b,is_virtual:d,name:l,category_uid:bN,path:bO,is_marketing:a,position_in_category:aC},{category_id:cs,is_parent:b,is_virtual:d,name:W,category_uid:ct,path:cu,is_marketing:a,position_in_category:cI},{category_id:bW,is_parent:b,is_virtual:d,name:l,category_uid:bX,path:bY,is_marketing:a,position_in_category:cJ}],name:["Bite-Sized Dolci Gift Box"],meta_title:["Bite-Sized Dolci Box | Italian Sweets Collection by Eataly"],meta_description:["Enjoy Eatalys Bite-Sized Dolci Box  a collection of Italian sweets and pastries, perfect for sharing or savoring one at a time. A small taste of Italys sweetest traditions."],image:["\u002Fu\u002Fn\u002Funtitled_design_5__5.png"],small_image:["\u002Fa\u002Fd\u002Fadobe_express_-_file_22__3_1.png"],thumbnail:["\u002Fa\u002Fd\u002Fadobe_express_-_file_23__3_1.png"],url_key:["bite-sized-dolci"],country_of_manufacture:[ay],option_text_country_of_manufacture:[V],mini:["\u002Fa\u002Fd\u002Fadobe_express_-_file_24__2.png"],vendor:[az],option_text_vendor:[aA],tech_masterdata_subcategory:[" GENERAL"],net_weight:[L],description:["\u003Cdiv data-content-type=\"html\" data-appearance=\"default\" data-element=\"main\"\u003E&lt;p&gt;We hope you enjoy the gourmet specialties in your &lt;b&gt;Bite-Sized Dolci&lt;\u002Fb&gt; gift box. These classic treats are perfect for when you need a small, sweet moment. Perfect for sharing or enjoying one-at-a time, each sweet is a regional delicacy loved across Italy.&lt;\u002Fbr&gt;&lt;\u002Fbr&gt;\r\n\r\nThis box contains the following:&lt;\u002Fbr&gt;\r\n&lt;li&gt;Two-tone Baci di Dama Shortcrust Pastries 7.1 oz | Biscottificio Roero&lt;\u002Fli&gt;\r\n&lt;li&gt;Crunchy Amaretti Cookies In Red Box | Chiostro di Saronno&lt;\u002Fli&gt;\r\n&lt;li&gt;70% Dark Chocolate Bar, 75g | Ta Milano&lt;\u002Fli&gt;\r\n&lt;li&gt;Milk Chocolate Perfetto Pralines Bag 5.2 Oz| Antica Torroneria Piemontese&lt;\u002Fli&gt;\r\n\u003C\u002Fdiv\u003E"],product_notes:[er],shop_by_category:[dy],option_text_shop_by_category:[l],weight:[o],news_from_date:[nm],news_to_date:[nn],manufacturer:[cj],option_text_manufacturer:[ck],status:[e],option_text_status:[aB],tax_class_id:[p],option_text_tax_class_id:[dz],unit_of_measurement:[cn],option_text_unit_of_measurement:[co],stock:{is_in_stock:b,qty:197},attribute_set_name:bM,category_names:[r,h,l,bR,h,l,cl,W,dq,h,dr,bb,bb,s,bV,l,B,l,W,l]},{entity_id:"21802",attribute_set_id:cH,type_id:Z,sku:no,has_options:a,required_options:a,created_at:"2025-08-05 15:02:57",updated_at:"2025-10-30 14:28:32",row_id:"21816",created_in:L,updated_in:_,visibility:N,price:[{price:da,original_price:J,is_discount:b,customer_group_id:i,tax_class_id:p,final_price:da,min_price:da,max_price:J},{price:da,original_price:J,is_discount:b,customer_group_id:e,tax_class_id:p,final_price:da,min_price:da,max_price:J},{price:J,original_price:J,is_discount:a,customer_group_id:g,tax_class_id:p,final_price:J,min_price:J,max_price:J},{price:J,original_price:J,is_discount:a,customer_group_id:f,tax_class_id:p,final_price:J,min_price:J,max_price:J},{price:J,original_price:J,is_discount:a,customer_group_id:j,tax_class_id:p,final_price:J,min_price:J,max_price:J},{price:J,original_price:J,is_discount:a,customer_group_id:o,tax_class_id:p,final_price:J,min_price:J,max_price:J}],indexed_attributes:[$,aa,ab,aD,ac,ad,ae,af,ag,ah,ai,aj,aJ,ak,bF,aU,al,aV,aW,bK,bL,am,T,an,ao],category:[{category_id:g,is_virtual:d,category_uid:ap,path:aq,is_marketing:a,position_in_category:q},{category_id:f,is_virtual:d,name:r,category_uid:ar,path:as,is_marketing:a,position_in_category:q},{category_id:j,is_parent:b,is_virtual:d,position:j,name:h,category_uid:at,path:au,is_marketing:a,position_in_category:j},{category_id:o,is_parent:b,is_virtual:d,position:cJ,name:l,category_uid:bN,path:bO,is_marketing:a,position_in_category:cJ},{category_id:U,is_parent:b,is_virtual:d,name:R,category_uid:ep,path:eq,is_marketing:a,position_in_category:e},{category_id:dO,is_parent:b,is_virtual:d,name:bT,category_uid:dP,path:dQ,is_marketing:a,position_in_category:e},{category_id:bH,is_parent:b,is_virtual:d,name:ce,category_uid:es,path:et,is_marketing:a,position_in_category:118},{category_id:cg,is_parent:b,is_virtual:d,name:l,category_uid:ch,path:ci,is_marketing:a,position_in_category:f},{category_id:cs,is_parent:b,is_virtual:d,position:eD,name:W,category_uid:ct,path:cu,is_marketing:a,position_in_category:eD},{category_id:aX,is_parent:b,is_virtual:d,name:h,category_uid:aY,path:aZ,is_marketing:a,position_in_category:dE},{category_id:iJ,is_parent:b,is_virtual:d,name:bJ,category_uid:iK,path:iL,is_marketing:a,position_in_category:e},{category_id:dR,is_parent:b,is_virtual:d,name:R,category_uid:dS,path:dT,is_marketing:a,position_in_category:bU},{category_id:gg,is_parent:b,is_virtual:d,position:e,name:bJ,category_uid:gh,path:gi,is_marketing:a,position_in_category:e},{category_id:av,is_parent:b,is_virtual:d,position:aH,name:s,category_uid:aw,path:ax,is_marketing:a,position_in_category:aH},{category_id:dU,is_parent:b,is_virtual:d,name:bV,category_uid:dV,path:dW,is_marketing:a,position_in_category:e},{category_id:bW,is_parent:b,is_virtual:d,position:bc,name:l,category_uid:bX,path:bY,is_marketing:a,position_in_category:bc},{category_id:a_,is_parent:b,is_virtual:d,name:B,category_uid:a$,path:ba,is_marketing:a,position_in_category:e},{category_id:j,is_parent:b,is_virtual:d,name:h,category_uid:at,path:au,is_marketing:a,position_in_category:j},{category_id:o,is_parent:b,is_virtual:d,name:l,category_uid:bN,path:bO,is_marketing:a,position_in_category:cJ},{category_id:aE,is_parent:b,is_virtual:d,name:h,category_uid:aF,path:aG,is_marketing:a,position_in_category:j},{category_id:cg,is_parent:b,is_virtual:d,position:g,name:l,category_uid:ch,path:ci,is_marketing:a,position_in_category:f},{category_id:cs,is_parent:b,is_virtual:d,name:W,category_uid:ct,path:cu,is_marketing:a,position_in_category:eD},{category_id:gg,is_parent:b,is_virtual:d,name:bJ,category_uid:gh,path:gi,is_marketing:a,position_in_category:e},{category_id:av,is_parent:b,is_virtual:d,name:s,category_uid:aw,path:ax,is_marketing:a,position_in_category:aH},{category_id:bW,is_parent:b,is_virtual:d,name:l,category_uid:bX,path:bY,is_marketing:a,position_in_category:bc}],name:["Paradiso di Pasta Gift Box"],meta_title:["Paradiso di Pasta - Eataly"],meta_description:["Shop Paradiso di Pasta gift box for all your authentic Italian gifts! Only at Eataly!"],image:["\u002Fp\u002Fa\u002Fparadiso_di_pasta_usa_3_.png"],small_image:["\u002Fa\u002Fd\u002Fadobe_express_-_file_66_.png"],thumbnail:["\u002Fa\u002Fd\u002Fadobe_express_-_file_67_.png"],url_key:["eataly-paradiso-di-pasta-holiday2025"],country_of_manufacture:[ay],option_text_country_of_manufacture:[V],mini:["\u002Fa\u002Fd\u002Fadobe_express_-_file_68_.png"],vendor:[az],option_text_vendor:[aA],tech_masterdata_subcategory:[dX],net_weight:[L],description:["\u003Cdiv data-content-type=\"html\" data-appearance=\"default\" data-element=\"main\"\u003E&lt;p&gt;Indulge in the ultimate pasta lover's dream with &lt;strong&gt;Paradiso di Pasta&lt;\u002Fstrong&gt;  a treasure trove bursting with a dozen artisanal pasta shapes. From delicate trofiette to colorful calamarata, each shape tells a story of tradition, passion, and the art of pasta-making. With every al dente bite, savor the impeccable texture and taste of these pasta gems, perfectly designed to embrace your favorite sauce.&lt;\u002Fbr&gt;&lt;\u002Fbr&gt;\r\n\r\nThis box contains the following&lt;\u002Fbr&gt;\r\n&lt;li&gt;100% Italian Grain Spaghetti 17.6 oz | Afeltra 100% Italiana&lt;\u002Fli&gt;\r\n&lt;li&gt;Kamut Rigatoni 500 g | Monograno Felicetti&lt;\u002Fli&gt;\r\n&lt;li&gt;5 Color Calamarata 500 g | Antica Madia&lt;\u002Fli&gt;\r\n&lt;li&gt;Tagliatelle 250 g | Filotea&lt;\u002Fli&gt;\r\n&lt;li&gt;Bucatini 100% Italian 500 g | Eataly&lt;\u002Fli&gt;\r\n&lt;li&gt;Penne Rigate 100% Italian 500 g | Eataly&lt;\u002Fli&gt;\r\n&lt;li&gt;Busiate Pasta 500 g | Gaudioso&lt;\u002Fli&gt;\r\n&lt;li&gt;Pappardelle 250 g | La Campofilone&lt;\u002Fli&gt;\r\n&lt;li&gt;Organic Foglie D'Ulivo 17.6 oz | Pasta Di Liguria&lt;\u002Fli&gt;\r\n&lt;li&gt;Pici Pasta 500 g | Pastificio Morelli&lt;\u002Fli&gt;\r\n&lt;li&gt;Orecchiette 500 g | Monograno Felicetti&lt;\u002Fli&gt;\r\n&lt;li&gt;Whole Peeled San Marzano Tomatoes DOP 400 g | Afeltra Pomo&lt;\u002Fli&gt;\r\n&lt;li&gt;Pistachio Pesto 180 g | Scyavuru&lt;\u002Fli&gt;\r\n&lt;li&gt;Toasted Fregula 500 g | Tipico&lt;\u002Fli&gt;&lt;\u002Fp&gt;\u003C\u002Fdiv\u003E"],shop_by_category:[dy],option_text_shop_by_category:[l],special_price:[168.29],weight:[cy],special_from_date:[cR],special_to_date:[cR],news_from_date:["2025-09-25 00:00:00"],news_to_date:["2025-10-31 00:00:00"],manufacturer:[cj],option_text_manufacturer:[ck],status:[e],option_text_status:[aB],tax_class_id:[p],option_text_tax_class_id:[dz],unit_of_measurement:[dA],option_text_unit_of_measurement:[dB],stock:{is_in_stock:b,qty:795},attribute_set_name:dY,category_names:[r,h,l,R,bT,ce,l,W,h,bJ,R,bJ,s,bV,l,B,h,l,h,l,W,bJ,s,l]}],maxSlidePerView:j,carouselStyle:c,colors:{white:iM,lightgrey:iN},isServerSideRendered:b,uniqueSelector:"carousel-cms-product-cards-204684-7"},"data-v-6dc1bbe5:1":{swiperNameMobile:"productsMobile9",swiperNameDesktop:"productsDesktop9",productList:[{entity_id:np,attribute_set_id:bI,type_id:Z,sku:kd,has_options:a,required_options:a,created_at:nq,updated_at:eE,row_id:np,created_in:L,updated_in:_,visibility:N,price:[{price:F,original_price:db,is_discount:b,customer_group_id:i,tax_class_id:z,final_price:F,min_price:F,max_price:F},{price:F,original_price:db,is_discount:b,customer_group_id:e,tax_class_id:z,final_price:F,min_price:F,max_price:F},{price:F,original_price:db,is_discount:b,customer_group_id:g,tax_class_id:z,final_price:F,min_price:F,max_price:F},{price:F,original_price:db,is_discount:b,customer_group_id:f,tax_class_id:z,final_price:F,min_price:F,max_price:F},{price:F,original_price:db,is_discount:b,customer_group_id:j,tax_class_id:z,final_price:F,min_price:F,max_price:F},{price:F,original_price:db,is_discount:b,customer_group_id:o,tax_class_id:z,final_price:F,min_price:F,max_price:F}],indexed_attributes:[$,aa,ab,aD,ac,ad,ae,af,ag,ah,ai,eb,aj,aJ,ak,aU,al,aV,aW,bK,bL,am,T,an,ao],category:[{category_id:g,is_virtual:d,category_uid:ap,path:aq,is_marketing:a,position_in_category:q},{category_id:f,is_virtual:d,name:r,category_uid:ar,path:as,is_marketing:a,position_in_category:q},{category_id:j,is_virtual:d,name:h,category_uid:at,path:au,is_marketing:a,position_in_category:nr},{category_id:ec,is_parent:b,is_virtual:d,name:bR,category_uid:ed,path:ee,is_marketing:a,position_in_category:e},{category_id:aE,is_parent:b,is_virtual:d,name:h,category_uid:aF,path:aG,is_marketing:a,position_in_category:ea},{category_id:gj,is_parent:b,is_virtual:d,name:cT,category_uid:gk,path:gl,is_marketing:a,position_in_category:ns},{category_id:ef,is_parent:b,is_virtual:d,name:O,category_uid:eg,path:eh,is_marketing:a,position_in_category:fp},{category_id:cs,is_parent:b,is_virtual:d,name:W,category_uid:ct,path:cu,is_marketing:a,position_in_category:hI},{category_id:hJ,is_parent:b,is_virtual:d,name:ds,category_uid:hK,path:hL,is_marketing:a,position_in_category:fq},{category_id:aX,is_virtual:d,name:h,category_uid:aY,path:aZ,is_marketing:a,position_in_category:q},{category_id:fY,is_parent:b,is_virtual:d,name:aK,category_uid:fZ,path:f_,is_marketing:a,position_in_category:e},{category_id:dc,is_parent:b,is_virtual:d,position:U,name:O,category_uid:dd,path:de,is_marketing:a,position_in_category:U},{category_id:cK,is_parent:b,is_virtual:d,position:bP,name:y,category_uid:cL,path:cM,is_marketing:a,position_in_category:bP},{category_id:cU,is_parent:b,is_virtual:d,name:y,category_uid:cV,path:cW,is_marketing:a,position_in_category:cS},{category_id:eF,is_parent:b,is_virtual:d,name:aK,category_uid:eG,path:eH,is_marketing:a,position_in_category:gm},{category_id:df,is_parent:b,is_virtual:d,name:be,category_uid:dg,path:dh,is_marketing:a,position_in_category:e},{category_id:di,is_virtual:d,name:bf,category_uid:dj,path:dk,is_marketing:a,position_in_category:q},{category_id:fr,is_parent:b,is_virtual:d,name:cz,category_uid:fs,path:ft,is_marketing:a,position_in_category:cJ},{category_id:ey,is_parent:b,is_virtual:d,position:cf,name:cm,category_uid:ez,path:eA,is_marketing:a,position_in_category:cf},{category_id:av,is_parent:b,is_virtual:d,name:s,category_uid:aw,path:ax,is_marketing:a,position_in_category:aS},{category_id:eI,is_parent:b,is_virtual:d,name:cp,category_uid:eJ,path:eK,is_marketing:a,position_in_category:e},{category_id:a_,is_parent:b,is_virtual:d,name:B,category_uid:a$,path:ba,is_marketing:a,position_in_category:e},{category_id:dc,is_parent:b,is_virtual:d,name:O,category_uid:dd,path:de,is_marketing:a,position_in_category:U},{category_id:cK,is_parent:b,is_virtual:d,name:y,category_uid:cL,path:cM,is_marketing:a,position_in_category:bP},{category_id:ey,is_parent:b,is_virtual:d,name:cm,category_uid:ez,path:eA,is_marketing:a,position_in_category:cf}],name:["Marron Glaces 'Chesntut' Panettone"],meta_title:["Chestnut Panettone 35 oz - Bonifanti | Eataly.com"],meta_description:[nt],image:["\u002Fu\u002Fn\u002Funtitled_design_2__7.png"],small_image:["\u002Fa\u002Fd\u002Fadobe_express_-_file_8__10.png"],thumbnail:["\u002Fa\u002Fd\u002Fadobe_express_-_file_9__8.png"],url_key:["bonifanti-chestnut-panettone-35-oz"],country_of_manufacture:[ay],option_text_country_of_manufacture:[V],mini:["\u002Fa\u002Fd\u002Fadobe_express_-_file_10__6.png"],vendor:[az],option_text_vendor:[aA],event_label:["selling_fast"],tech_masterdata_subcategory:[eL],net_weight:[ke],description:["\u003Cdiv data-content-type=\"html\" data-appearance=\"default\" data-element=\"main\"\u003E&lt;p&gt;Discover the refined taste of the &lt;b&gt;Marron Glacs Chestnut Panettone&lt;\u002Fb&gt; by Bonifanti, a luxurious twist on the classic Italian holiday cake. This artisanal Panettone is enriched with pieces of candied marrons glacs, offering a delicate sweetness and a soft, fragrant texture. Naturally leavened and baked with care, each slice reveals the perfect harmony of rich chestnut flavor and Bonifantis traditional craftsmanship. A festive centerpiece for your holiday table, its a true indulgence for lovers of chestnuts and fine Italian pastries.&lt;\u002Fp&gt;\r\n\r\n&lt;p&gt;Serving Size:10 to 12 servings per container&lt;\u002Fp&gt;\u003C\u002Fdiv\u003E"],special_price:[F],weight:[2.2],special_from_date:[eM],special_to_date:[eN],news_from_date:[cR],news_to_date:[eC],manufacturer:[nu],option_text_manufacturer:[kf],status:[e],option_text_status:[aB],tax_class_id:[z],option_text_tax_class_id:[fu],unit_of_measurement:[cn],option_text_unit_of_measurement:[co],stock:{is_in_stock:b,qty:fo},attribute_set_name:bM,category_names:[r,h,bR,h,cT,O,W,ds,h,aK,O,y,y,aK,be,bf,cz,cm,s,cp,B,O,y,cm]},{entity_id:"21813",attribute_set_id:bI,type_id:Z,sku:nv,has_options:a,required_options:a,created_at:nw,updated_at:eE,row_id:"21827",created_in:L,updated_in:_,visibility:N,price:[{price:bg,original_price:gn,is_discount:b,customer_group_id:i,tax_class_id:g,final_price:bg,min_price:bg,max_price:bg},{price:bg,original_price:gn,is_discount:b,customer_group_id:e,tax_class_id:g,final_price:bg,min_price:bg,max_price:bg},{price:bg,original_price:gn,is_discount:b,customer_group_id:g,tax_class_id:g,final_price:bg,min_price:bg,max_price:bg},{price:bg,original_price:gn,is_discount:b,customer_group_id:f,tax_class_id:g,final_price:bg,min_price:bg,max_price:bg},{price:bg,original_price:gn,is_discount:b,customer_group_id:j,tax_class_id:g,final_price:bg,min_price:bg,max_price:bg},{price:bg,original_price:gn,is_discount:b,customer_group_id:o,tax_class_id:g,final_price:bg,min_price:bg,max_price:bg}],indexed_attributes:[$,aa,ab,aD,ac,ad,ae,af,ag,ah,ai,aj,aJ,ak,aU,al,aV,aW,bK,bL,am,T,an,cN,ao],category:[{category_id:g,is_virtual:d,category_uid:ap,path:aq,is_marketing:a,position_in_category:iO},{category_id:f,is_virtual:d,name:r,category_uid:ar,path:as,is_marketing:a,position_in_category:iO},{category_id:j,is_virtual:d,name:h,category_uid:at,path:au,is_marketing:a,position_in_category:10012},{category_id:ec,is_virtual:d,name:bR,category_uid:ed,path:ee,is_marketing:a,position_in_category:iO},{category_id:aE,is_parent:b,is_virtual:d,name:h,category_uid:aF,path:aG,is_marketing:a,position_in_category:ea},{category_id:eu,is_parent:b,is_virtual:d,name:cl,category_uid:ev,path:ew,is_marketing:a,position_in_category:e},{category_id:gj,is_parent:b,is_virtual:d,name:cT,category_uid:gk,path:gl,is_marketing:a,position_in_category:kg},{category_id:ef,is_parent:b,is_virtual:d,position:Q,name:O,category_uid:eg,path:eh,is_marketing:a,position_in_category:Q},{category_id:hJ,is_parent:b,is_virtual:d,name:ds,category_uid:hK,path:hL,is_marketing:a,position_in_category:-9},{category_id:hM,is_parent:b,is_virtual:d,name:fv,category_uid:kh,path:ki,is_marketing:a,position_in_category:g},{category_id:aX,is_virtual:d,name:h,category_uid:aY,path:aZ,is_marketing:a,position_in_category:q},{category_id:hs,is_parent:b,is_virtual:d,name:bp,category_uid:ht,path:hu,is_marketing:a,position_in_category:e},{category_id:ex,is_parent:b,is_virtual:d,name:bb,category_uid:fm,path:fn,is_marketing:a,position_in_category:bm},{category_id:dc,is_parent:b,is_virtual:d,position:cS,name:O,category_uid:dd,path:de,is_marketing:a,position_in_category:cS},{category_id:go,is_parent:b,is_virtual:d,position:cd,name:cA,category_uid:gp,path:gq,is_marketing:a,position_in_category:cd},{category_id:hF,is_parent:b,is_virtual:d,name:bb,category_uid:hG,path:hH,is_marketing:a,position_in_category:cf},{category_id:cK,is_parent:b,is_virtual:d,position:aC,name:y,category_uid:cL,path:cM,is_marketing:a,position_in_category:aC},{category_id:f$,is_parent:b,is_virtual:d,position:Q,name:bp,category_uid:ga,path:gb,is_marketing:a,position_in_category:Q},{category_id:cU,is_parent:b,is_virtual:d,position:Q,name:y,category_uid:cV,path:cW,is_marketing:a,position_in_category:Q},{category_id:iP,is_parent:b,is_virtual:d,name:bQ,category_uid:iQ,path:iR,is_marketing:a,position_in_category:e},{category_id:hw,is_parent:b,is_virtual:d,name:bQ,category_uid:hx,path:hy,is_marketing:a,position_in_category:46},{category_id:av,is_parent:b,is_virtual:d,name:s,category_uid:aw,path:ax,is_marketing:a,position_in_category:aS},{category_id:eI,is_parent:b,is_virtual:d,name:cp,category_uid:eJ,path:eK,is_marketing:a,position_in_category:e},{category_id:a_,is_parent:b,is_virtual:d,name:B,category_uid:a$,path:ba,is_marketing:a,position_in_category:e},{category_id:ef,is_parent:b,is_virtual:d,name:O,category_uid:eg,path:eh,is_marketing:a,position_in_category:Q},{category_id:dc,is_parent:b,is_virtual:d,name:O,category_uid:dd,path:de,is_marketing:a,position_in_category:cS},{category_id:go,is_parent:b,is_virtual:d,name:cA,category_uid:gp,path:gq,is_marketing:a,position_in_category:cd},{category_id:cK,is_parent:b,is_virtual:d,name:y,category_uid:cL,path:cM,is_marketing:a,position_in_category:aC},{category_id:f$,is_parent:b,is_virtual:d,name:bp,category_uid:ga,path:gb,is_marketing:a,position_in_category:Q},{category_id:cU,is_parent:b,is_virtual:d,name:y,category_uid:cV,path:cW,is_marketing:a,position_in_category:Q}],name:["White Chocolate & Caramel Panettone"],meta_title:["Bonifanti Chocolate & Caramel Panettone | Eataly"],meta_description:[nt],image:["\u002Fu\u002Fn\u002Funtitled_design_2__2.jpg"],small_image:["\u002Fa\u002Fd\u002Fadobe_express_-_file_25__2.jpg"],thumbnail:["\u002Fa\u002Fd\u002Fadobe_express_-_file_26__2.jpg"],url_key:["chocolate-cappuccino-panettone"],country_of_manufacture:[ay],option_text_country_of_manufacture:[V],mini:["\u002Fa\u002Fd\u002Fadobe_express_-_file_27__1_3.jpg"],vendor:[az],option_text_vendor:[aA],tech_masterdata_subcategory:[eL],net_weight:[nx],description:["\u003Cdiv data-content-type=\"html\" data-appearance=\"default\" data-element=\"main\"\u003E&lt;p&gt;Indulge in Bonifantis &lt;b&gt;White Chocolate &amp; Caramel Panettone&lt;\u002Fb&gt;, a decadent twist on the Italian holiday classic. This soft, naturally leavened cake is enriched with ribbons of rich caramel and studded with luscious chocolate pieces, creating a perfect balance of sweetness and texture. Handcrafted in Italy using traditional methods, Bonifantis panettone is ideal for sharing at festive gatherings or gifting to someone special. Pair it with espresso or dessert wine for a truly indulgent experience.&lt;\u002Fp&gt;\r\n\r\n&lt;p&gt;Serving Size:6-12 servings per container&lt;\u002Fp&gt;\u003C\u002Fdiv\u003E"],special_price:[bg],weight:[1.63],special_from_date:[eM],special_to_date:[eN],news_from_date:[cR],news_to_date:[eC],manufacturer:[nu],option_text_manufacturer:[kf],status:[e],option_text_status:[aB],tax_class_id:[g],option_text_tax_class_id:["Taxable Goods"],region_name:[1810],option_text_region_name:["Piemonte"],unit_of_measurement:[cn],option_text_unit_of_measurement:[co],stock:{is_in_stock:b,qty:dE},attribute_set_name:bM,category_names:[r,h,bR,h,cl,cT,O,ds,fv,h,bp,bb,O,cA,bb,y,bp,y,bQ,bQ,s,cp,B,O,O,cA,y,bp,y]},{entity_id:ny,attribute_set_id:bI,type_id:Z,sku:"1158523",has_options:a,required_options:a,created_at:"2023-11-02 22:16:48",updated_at:eE,row_id:ny,created_in:L,updated_in:_,visibility:N,price:[{price:F,original_price:db,is_discount:b,customer_group_id:i,tax_class_id:z,final_price:F,min_price:F,max_price:F},{price:F,original_price:db,is_discount:b,customer_group_id:e,tax_class_id:z,final_price:F,min_price:F,max_price:F},{price:F,original_price:db,is_discount:b,customer_group_id:g,tax_class_id:z,final_price:F,min_price:F,max_price:F},{price:F,original_price:db,is_discount:b,customer_group_id:f,tax_class_id:z,final_price:F,min_price:F,max_price:F},{price:F,original_price:db,is_discount:b,customer_group_id:j,tax_class_id:z,final_price:F,min_price:F,max_price:F},{price:F,original_price:db,is_discount:b,customer_group_id:o,tax_class_id:z,final_price:F,min_price:F,max_price:F}],indexed_attributes:[$,aa,ab,aD,ac,ad,ae,af,ag,ah,ai,aj,aJ,ak,al,aU,aV,aW,bK,bL,am,T,an,ao],category:[{category_id:g,is_virtual:d,category_uid:ap,path:aq,is_marketing:a,position_in_category:q},{category_id:f,is_virtual:d,name:r,category_uid:ar,path:as,is_marketing:a,position_in_category:q},{category_id:j,is_virtual:d,name:h,category_uid:at,path:au,is_marketing:a,position_in_category:10014},{category_id:ec,is_parent:b,is_virtual:d,name:bR,category_uid:ed,path:ee,is_marketing:a,position_in_category:e},{category_id:aE,is_parent:b,is_virtual:d,name:h,category_uid:aF,path:aG,is_marketing:a,position_in_category:ea},{category_id:eu,is_parent:b,is_virtual:d,name:cl,category_uid:ev,path:ew,is_marketing:a,position_in_category:e},{category_id:gj,is_parent:b,is_virtual:d,name:cT,category_uid:gk,path:gl,is_marketing:a,position_in_category:nz},{category_id:ef,is_parent:b,is_virtual:d,name:O,category_uid:eg,path:eh,is_marketing:a,position_in_category:fp},{category_id:cs,is_parent:b,is_virtual:d,name:W,category_uid:ct,path:cu,is_marketing:a,position_in_category:hI},{category_id:hM,is_parent:b,is_virtual:d,name:fv,category_uid:kh,path:ki,is_marketing:a,position_in_category:g},{category_id:aX,is_virtual:d,name:h,category_uid:aY,path:aZ,is_marketing:a,position_in_category:q},{category_id:hs,is_parent:b,is_virtual:d,name:bp,category_uid:ht,path:hu,is_marketing:a,position_in_category:e},{category_id:ex,is_parent:b,is_virtual:d,name:bb,category_uid:fm,path:fn,is_marketing:a,position_in_category:bm},{category_id:dc,is_parent:b,is_virtual:d,position:fq,name:O,category_uid:dd,path:de,is_marketing:a,position_in_category:fq},{category_id:go,is_parent:b,is_virtual:d,position:o,name:cA,category_uid:gp,path:gq,is_marketing:a,position_in_category:o},{category_id:hF,is_parent:b,is_virtual:d,name:bb,category_uid:hG,path:hH,is_marketing:a,position_in_category:cf},{category_id:cK,is_parent:b,is_virtual:d,position:dt,name:y,category_uid:cL,path:cM,is_marketing:a,position_in_category:dt},{category_id:f$,is_parent:b,is_virtual:d,name:bp,category_uid:ga,path:gb,is_marketing:a,position_in_category:cf},{category_id:cU,is_parent:b,is_virtual:d,name:y,category_uid:cV,path:cW,is_marketing:a,position_in_category:cS},{category_id:iP,is_parent:b,is_virtual:d,name:bQ,category_uid:iQ,path:iR,is_marketing:a,position_in_category:e},{category_id:hw,is_parent:b,is_virtual:d,name:bQ,category_uid:hx,path:hy,is_marketing:a,position_in_category:dE},{category_id:av,is_parent:b,is_virtual:d,name:s,category_uid:aw,path:ax,is_marketing:a,position_in_category:aS},{category_id:eI,is_parent:b,is_virtual:d,name:cp,category_uid:eJ,path:eK,is_marketing:a,position_in_category:e},{category_id:a_,is_parent:b,is_virtual:d,name:B,category_uid:a$,path:ba,is_marketing:a,position_in_category:e},{category_id:dc,is_parent:b,is_virtual:d,name:O,category_uid:dd,path:de,is_marketing:a,position_in_category:fq},{category_id:go,is_parent:b,is_virtual:d,name:cA,category_uid:gp,path:gq,is_marketing:a,position_in_category:o},{category_id:cK,is_parent:b,is_virtual:d,name:y,category_uid:cL,path:cM,is_marketing:a,position_in_category:dt},{category_id:125,is_virtual:nA,is_blacklisted:b,name:kj,category_uid:"MTI1",path:"1\u002F2\u002F122\u002F125",is_marketing:a,position_in_category:jR}],name:["Vegan Chocolate Panettone"],meta_title:["Vegan Chocolate Panettone 26.4 oz - Vergani | Eataly.com"],meta_description:["Buy high-quality Vegan Chocolate Panettone 26.4 oz from Vergani on Eataly.com. Shop Italian Panettone online!"],image:["\u002Fv\u002Fe\u002Fvergani-vegan-chocolate-panettone-26-4-oz.jpg"],small_image:["\u002Fv\u002Fe\u002Fvergani-vegan-chocolate-panettone-26-4-oz_small.jpg"],thumbnail:["\u002Fv\u002Fe\u002Fvergani-vegan-chocolate-panettone-26-4-oz_thumbnail.jpg"],url_key:["vergani-vegan-chocolate-panettone-26-4-oz"],country_of_manufacture:[ay],option_text_country_of_manufacture:[V],mini:["\u002Fv\u002Fe\u002Fvergani-vegan-chocolate-panettone-26-4-oz_mini.jpg"],vendor:[az],option_text_vendor:[aA],tech_masterdata_subcategory:[eL],net_weight:["26.4"],description:["\u003Cdiv data-content-type=\"html\" data-appearance=\"default\" data-element=\"main\"\u003E&lt;p&gt;A twist on the traditional, this Vegan Holiday Cake is made in the style of panettone with natural yeast that takes at least 30 hours to rise. The vegan version of the holiday treat is made without eggs or butter but has the same rich flavors that we love.&lt;\u002Fbr&gt;&lt;\u002Fbr&gt;Founded in 1944 in a small pastry shop on Viale Monza in Milan, the enterprising Angelo Vergani started his own bakery. Now, Vergani is celebrated for its traditional holiday panettone (the classic Christmas cake) and other holiday treats.&lt;\u002Fp&gt;\r\n\r\n&lt;p&gt;Serving Size:6 to 12 servings per container&lt;\u002Fp&gt;\u003C\u002Fdiv\u003E"],weight:[1.65],special_price:[F],special_from_date:[eM],special_to_date:[eN],news_from_date:[cR],news_to_date:[eC],manufacturer:[626],option_text_manufacturer:["Vergani"],status:[e],option_text_status:[aB],tax_class_id:[z],option_text_tax_class_id:[fu],unit_of_measurement:[cn],option_text_unit_of_measurement:[co],stock:{is_in_stock:b,qty:cf},attribute_set_name:bM,category_names:[r,h,bR,h,cl,cT,O,W,fv,h,bp,bb,O,cA,bb,y,bp,y,bQ,bQ,s,cp,B,O,cA,y,kj]},{entity_id:"21814",attribute_set_id:bI,type_id:Z,sku:kk,has_options:a,required_options:a,created_at:nw,updated_at:eE,row_id:"21828",created_in:L,updated_in:_,visibility:N,price:[{price:bh,original_price:gr,is_discount:b,customer_group_id:i,tax_class_id:z,final_price:bh,min_price:bh,max_price:bh},{price:bh,original_price:gr,is_discount:b,customer_group_id:e,tax_class_id:z,final_price:bh,min_price:bh,max_price:bh},{price:bh,original_price:gr,is_discount:b,customer_group_id:g,tax_class_id:z,final_price:bh,min_price:bh,max_price:bh},{price:bh,original_price:gr,is_discount:b,customer_group_id:f,tax_class_id:z,final_price:bh,min_price:bh,max_price:bh},{price:bh,original_price:gr,is_discount:b,customer_group_id:j,tax_class_id:z,final_price:bh,min_price:bh,max_price:bh},{price:bh,original_price:gr,is_discount:b,customer_group_id:o,tax_class_id:z,final_price:bh,min_price:bh,max_price:bh}],indexed_attributes:[$,aa,ab,aD,ac,ad,ae,af,ag,ah,ai,aj,aJ,ak,aU,al,aV,aW,bK,bL,am,T,an,cN,ao],category:[{category_id:g,is_virtual:d,category_uid:ap,path:aq,is_marketing:a,position_in_category:kl},{category_id:f,is_parent:b,is_virtual:d,name:r,category_uid:ar,path:as,is_marketing:a,position_in_category:kc},{category_id:j,is_virtual:d,name:h,category_uid:at,path:au,is_marketing:a,position_in_category:iO},{category_id:aE,is_virtual:d,name:h,category_uid:aF,path:aG,is_marketing:a,position_in_category:kl},{category_id:ef,is_parent:b,is_virtual:d,name:O,category_uid:eg,path:eh,is_marketing:a,position_in_category:fp},{category_id:hM,is_parent:b,is_virtual:d,name:fv,category_uid:kh,path:ki,is_marketing:a,position_in_category:iE},{category_id:aX,is_virtual:d,name:h,category_uid:aY,path:aZ,is_marketing:a,position_in_category:q},{category_id:hs,is_parent:b,is_virtual:d,name:bp,category_uid:ht,path:hu,is_marketing:a,position_in_category:e},{category_id:ex,is_virtual:d,name:bb,category_uid:fm,path:fn,is_marketing:a,position_in_category:kl},{category_id:dc,is_parent:b,is_virtual:d,position:dF,name:O,category_uid:dd,path:de,is_marketing:a,position_in_category:dF},{category_id:go,is_parent:b,is_virtual:d,position:aH,name:cA,category_uid:gp,path:gq,is_marketing:a,position_in_category:aH},{category_id:hF,is_parent:b,is_virtual:d,name:bb,category_uid:hG,path:hH,is_marketing:a,position_in_category:jY},{category_id:cK,is_parent:b,is_virtual:d,position:iS,name:y,category_uid:cL,path:cM,is_marketing:a,position_in_category:iS},{category_id:f$,is_parent:b,is_virtual:d,name:bp,category_uid:ga,path:gb,is_marketing:a,position_in_category:kg},{category_id:cU,is_parent:b,is_virtual:d,position:bP,name:y,category_uid:cV,path:cW,is_marketing:a,position_in_category:bP},{category_id:iP,is_parent:b,is_virtual:d,name:bQ,category_uid:iQ,path:iR,is_marketing:a,position_in_category:kg},{category_id:hw,is_parent:b,is_virtual:d,name:bQ,category_uid:hx,path:hy,is_marketing:a,position_in_category:-15},{category_id:df,is_parent:b,is_virtual:d,name:be,category_uid:dg,path:dh,is_marketing:a,position_in_category:e},{category_id:di,is_virtual:d,name:bf,category_uid:dj,path:dk,is_marketing:a,position_in_category:q},{category_id:fr,is_parent:b,is_virtual:d,position:Q,name:cz,category_uid:fs,path:ft,is_marketing:a,position_in_category:Q},{category_id:av,is_parent:b,is_virtual:d,name:s,category_uid:aw,path:ax,is_marketing:a,position_in_category:aS},{category_id:eI,is_parent:b,is_virtual:d,name:cp,category_uid:eJ,path:eK,is_marketing:a,position_in_category:e},{category_id:a_,is_parent:b,is_virtual:d,name:B,category_uid:a$,path:ba,is_marketing:a,position_in_category:e},{category_id:dc,is_parent:b,is_virtual:d,name:O,category_uid:dd,path:de,is_marketing:a,position_in_category:dF},{category_id:go,is_parent:b,is_virtual:d,name:cA,category_uid:gp,path:gq,is_marketing:a,position_in_category:aH},{category_id:cK,is_parent:b,is_virtual:d,name:y,category_uid:cL,path:cM,is_marketing:a,position_in_category:iS},{category_id:cU,is_parent:b,is_virtual:d,name:y,category_uid:cV,path:cW,is_marketing:a,position_in_category:bP},{category_id:fr,is_parent:b,is_virtual:d,name:cz,category_uid:fs,path:ft,is_marketing:a,position_in_category:Q}],name:["Amarena Cream & Chocolate Panettone"],meta_title:["Amarena Cream & Chocolate Panettone by Muzzi Tommaso | Eataly"],meta_description:["Experience the indulgent Amarena Cream &amp; Chocolate Panettone by Muzzi Tommaso, a soft Italian cake filled with cherry cream, chocolate chips, and coated in rich chocolate."],image:["\u002Fa\u002Fd\u002Fadobe_express_-_file_7__3_1.jpg"],small_image:["\u002Fa\u002Fd\u002Fadobe_express_-_file_8__2_2.jpg"],thumbnail:["\u002Fa\u002Fd\u002Fadobe_express_-_file_9__4.jpg"],url_key:["amarena-cream-chocolate-panettone"],country_of_manufacture:[ay],option_text_country_of_manufacture:[V],mini:["\u002Fa\u002Fd\u002Fadobe_express_-_file_10__4.jpg"],vendor:[az],option_text_vendor:[aA],tech_masterdata_subcategory:[eL],net_weight:[hN],description:["\u003Cdiv data-content-type=\"html\" data-appearance=\"default\" data-element=\"main\"\u003E&lt;p&gt;Indulge in the rich artistry of Italian holiday baking with the &lt;b&gt;Amarena Cream Panettone with Chocolate Chips&lt;\u002Fb&gt; by Muzzi Tommaso. This luxurious creation transforms the classic Milanese panettone into a decadent masterpiece. Each bite reveals a soft, golden dough studded with luscious chocolate chips and filled with velvety Amarena cherry cream  a perfect balance of sweetness and tang. Finished with a smooth dark chocolate glaze, its an irresistible combination of texture and flavor that captures the essence of Italian celebration. Beautifully wrapped, this panettone makes a show-stopping gift or centerpiece for your holiday table.&lt;\u002Fp&gt;\r\n\r\n&lt;p&gt;Serving Size:5 to 8 servings per container&lt;\u002Fp&gt;\u003C\u002Fdiv\u003E"],special_price:[bh],weight:[1.13],special_from_date:[eM],special_to_date:[eN],news_from_date:[nm],news_to_date:[nn],manufacturer:[1397],option_text_manufacturer:["Tommaso Muzzi"],status:[e],option_text_status:[aB],tax_class_id:[z],option_text_tax_class_id:[fu],region_name:[nB],option_text_region_name:[nC],unit_of_measurement:[cn],option_text_unit_of_measurement:[co],stock:{is_in_stock:b,qty:nD},attribute_set_name:bM,category_names:[r,h,h,O,fv,h,bp,bb,O,cA,bb,y,bp,y,bQ,bQ,be,bf,cz,s,cp,B,O,cA,y,y,cz]},{entity_id:nE,attribute_set_id:bI,type_id:Z,sku:km,has_options:a,required_options:a,created_at:kn,updated_at:eE,row_id:nh,created_in:L,updated_in:_,visibility:N,price:[{price:bi,original_price:gs,is_discount:b,customer_group_id:i,tax_class_id:z,final_price:bi,min_price:bi,max_price:bi},{price:bi,original_price:gs,is_discount:b,customer_group_id:e,tax_class_id:z,final_price:bi,min_price:bi,max_price:bi},{price:bi,original_price:gs,is_discount:b,customer_group_id:g,tax_class_id:z,final_price:bi,min_price:bi,max_price:bi},{price:bi,original_price:gs,is_discount:b,customer_group_id:f,tax_class_id:z,final_price:bi,min_price:bi,max_price:bi},{price:bi,original_price:gs,is_discount:b,customer_group_id:j,tax_class_id:z,final_price:bi,min_price:bi,max_price:bi},{price:bi,original_price:gs,is_discount:b,customer_group_id:o,tax_class_id:z,final_price:bi,min_price:bi,max_price:bi}],indexed_attributes:[$,aa,ab,aD,ac,ad,ae,af,ag,ah,ai,aj,aJ,ak,aU,al,aV,aW,bK,bL,am,T,an,cN,ao],category:[{category_id:g,is_virtual:d,category_uid:ap,path:aq,is_marketing:a,position_in_category:fl},{category_id:f,is_virtual:d,name:r,category_uid:ar,path:as,is_marketing:a,position_in_category:q},{category_id:ec,is_virtual:d,name:bR,category_uid:ed,path:ee,is_marketing:a,position_in_category:10033},{category_id:aE,is_parent:b,is_virtual:d,name:h,category_uid:aF,path:aG,is_marketing:a,position_in_category:ea},{category_id:eu,is_parent:b,is_virtual:d,name:cl,category_uid:ev,path:ew,is_marketing:a,position_in_category:e},{category_id:gj,is_parent:b,is_virtual:d,name:cT,category_uid:gk,path:gl,is_marketing:a,position_in_category:nF},{category_id:ef,is_parent:b,is_virtual:d,name:O,category_uid:eg,path:eh,is_marketing:a,position_in_category:fp},{category_id:cX,is_parent:b,is_virtual:d,position:bm,name:A,category_uid:cY,path:cZ,is_marketing:a,position_in_category:bm},{category_id:cs,is_parent:b,is_virtual:d,position:dF,name:W,category_uid:ct,path:cu,is_marketing:a,position_in_category:dF},{category_id:hJ,is_parent:b,is_virtual:d,name:ds,category_uid:hK,path:hL,is_marketing:a,position_in_category:i},{category_id:363,is_parent:b,is_virtual:d,name:ko,category_uid:"MzYz",path:"1\u002F2\u002F143\u002F316\u002F363",is_marketing:a,position_in_category:g},{category_id:gt,is_parent:b,is_virtual:d,position:cd,name:A,category_uid:gu,path:gv,is_marketing:a,position_in_category:cd},{category_id:dc,is_parent:b,is_virtual:d,name:O,category_uid:dd,path:de,is_marketing:a,position_in_category:z},{category_id:kb,is_parent:b,is_virtual:d,position:aH,name:hO,category_uid:nG,path:nH,is_marketing:a,position_in_category:aH},{category_id:kp,is_parent:b,is_virtual:d,name:A,category_uid:kq,path:kr,is_marketing:a,position_in_category:o},{category_id:cK,is_parent:b,is_virtual:d,position:iH,name:y,category_uid:cL,path:cM,is_marketing:a,position_in_category:iH},{category_id:cU,is_parent:b,is_virtual:d,position:bm,name:y,category_uid:cV,path:cW,is_marketing:a,position_in_category:bm},{category_id:df,is_parent:b,is_virtual:d,name:be,category_uid:dg,path:dh,is_marketing:a,position_in_category:e},{category_id:di,is_virtual:d,name:bf,category_uid:dj,path:dk,is_marketing:a,position_in_category:q},{category_id:fr,is_parent:b,is_virtual:d,position:j,name:cz,category_uid:fs,path:ft,is_marketing:a,position_in_category:j},{category_id:nI,is_parent:b,is_virtual:d,position:e,name:eO,category_uid:nJ,path:nK,is_marketing:a,position_in_category:e},{category_id:430,is_parent:b,is_virtual:d,name:eO,category_uid:"NDMw",path:"1\u002F2\u002F143\u002F316\u002F430",is_marketing:a,position_in_category:i},{category_id:ey,is_parent:b,is_virtual:d,position:aH,name:cm,category_uid:ez,path:eA,is_marketing:a,position_in_category:aH},{category_id:av,is_parent:b,is_virtual:d,name:s,category_uid:aw,path:ax,is_marketing:a,position_in_category:aS},{category_id:eI,is_parent:b,is_virtual:d,name:cp,category_uid:eJ,path:eK,is_marketing:a,position_in_category:e},{category_id:a_,is_parent:b,is_virtual:d,name:B,category_uid:a$,path:ba,is_marketing:a,position_in_category:e},{category_id:ks,is_parent:b,is_virtual:d,name:fw,category_uid:kt,path:ku,is_marketing:a,position_in_category:o},{category_id:cX,is_parent:b,is_virtual:d,name:A,category_uid:cY,path:cZ,is_marketing:a,position_in_category:bm},{category_id:cs,is_parent:b,is_virtual:d,name:W,category_uid:ct,path:cu,is_marketing:a,position_in_category:dF},{category_id:gt,is_parent:b,is_virtual:d,name:A,category_uid:gu,path:gv,is_marketing:a,position_in_category:cd},{category_id:kb,is_parent:b,is_virtual:d,name:hO,category_uid:nG,path:nH,is_marketing:a,position_in_category:aH},{category_id:cK,is_parent:b,is_virtual:d,name:y,category_uid:cL,path:cM,is_marketing:a,position_in_category:iH},{category_id:cU,is_parent:b,is_virtual:d,name:y,category_uid:cV,path:cW,is_marketing:a,position_in_category:bm},{category_id:fr,is_parent:b,is_virtual:d,name:cz,category_uid:fs,path:ft,is_marketing:a,position_in_category:j},{category_id:nI,is_parent:b,is_virtual:d,name:eO,category_uid:nJ,path:nK,is_marketing:a,position_in_category:e},{category_id:ey,is_parent:b,is_virtual:d,name:cm,category_uid:ez,path:eA,is_marketing:a,position_in_category:aH}],name:["Classic Pandoro"],meta_title:["ClassicPandoro 35.2 oz - Eataly"],meta_description:["Shop ClassicPandoro 35.2 oz by Eataly from Eataly. Shop all your Italian gifts and Holiday essentials at Eataly.com!"],image:["\u002F1\u002F1\u002F1162996_pandoro.jpg"],small_image:["\u002Fa\u002Fd\u002Fadobe_express_-_file_12__3.jpg"],thumbnail:["\u002Fa\u002Fd\u002Fadobe_express_-_file_13__2.jpg"],url_key:["eataly-classicpandoro-35-2-oz"],country_of_manufacture:[ay],option_text_country_of_manufacture:[V],mini:["\u002Fa\u002Fd\u002Fadobe_express_-_file_14__2.jpg"],vendor:[az],option_text_vendor:[aA],tech_masterdata_subcategory:["PANDORO"],net_weight:[ke],description:["\u003Cdiv data-content-type=\"html\" data-appearance=\"default\" data-element=\"main\"\u003E&lt;p&gt;Eatalys &lt;b&gt;Pandoro&lt;\u002Fb&gt; elegantly blends tradition with originality, recalling the classic Milanese Panettone in a unique star-shaped format. Crafted with the finest ingredients and natural leavening, this Christmas cake offers a soft, fragrant slice, perfect for enjoying on its own or paired with a sweet sparkling wine. Packaged in an elegant box, it makes a thoughtful gift for family and friends during the festive season.&lt;\u002Fp&gt;\r\n\r\n&lt;p&gt;Serving Size:10 to 12 servings per container&lt;\u002Fp&gt;\u003C\u002Fdiv\u003E"],special_price:[bi],weight:[3.12],special_from_date:[eM],special_to_date:[eN],news_from_date:[cR],news_to_date:[eC],manufacturer:[cj],option_text_manufacturer:[ck],status:[e],option_text_status:[aB],tax_class_id:[z],option_text_tax_class_id:[fu],region_name:[nL],option_text_region_name:[nM],unit_of_measurement:[cn],option_text_unit_of_measurement:[co],stock:{is_in_stock:b,qty:265},attribute_set_name:bM,category_names:[r,bR,h,cl,cT,O,A,W,ds,ko,A,O,hO,A,y,y,be,bf,cz,eO,eO,cm,s,cp,B,fw,A,W,A,hO,y,y,cz,eO,cm]},{entity_id:nN,attribute_set_id:bI,type_id:Z,sku:"1139334",has_options:a,required_options:a,created_at:nq,updated_at:eE,row_id:nN,created_in:L,updated_in:_,visibility:N,price:[{price:bj,original_price:gw,is_discount:b,customer_group_id:i,tax_class_id:z,final_price:bj,min_price:bj,max_price:bj},{price:bj,original_price:gw,is_discount:b,customer_group_id:e,tax_class_id:z,final_price:bj,min_price:bj,max_price:bj},{price:bj,original_price:gw,is_discount:b,customer_group_id:g,tax_class_id:z,final_price:bj,min_price:bj,max_price:bj},{price:bj,original_price:gw,is_discount:b,customer_group_id:f,tax_class_id:z,final_price:bj,min_price:bj,max_price:bj},{price:bj,original_price:gw,is_discount:b,customer_group_id:j,tax_class_id:z,final_price:bj,min_price:bj,max_price:bj},{price:bj,original_price:gw,is_discount:b,customer_group_id:o,tax_class_id:z,final_price:bj,min_price:bj,max_price:bj}],indexed_attributes:[$,aa,ab,ac,ad,ae,af,ag,ah,ai,aj,aJ,ak,aU,al,aV,aW,am,T,an,ao],category:[{category_id:g,is_virtual:d,category_uid:ap,path:aq,is_marketing:a,position_in_category:q},{category_id:f,is_virtual:d,name:r,category_uid:ar,path:as,is_marketing:a,position_in_category:q},{category_id:aE,is_virtual:d,name:h,category_uid:aF,path:aG,is_marketing:a,position_in_category:jZ},{category_id:ef,is_virtual:d,name:O,category_uid:eg,path:eh,is_marketing:a,position_in_category:jZ},{category_id:dc,is_virtual:d,name:O,category_uid:dd,path:de,is_marketing:a,position_in_category:10051},{category_id:cK,is_parent:b,is_virtual:d,position:z,name:y,category_uid:cL,path:cM,is_marketing:a,position_in_category:z},{category_id:cU,is_parent:b,is_virtual:d,name:y,category_uid:cV,path:cW,is_marketing:a,position_in_category:cS},{category_id:av,is_parent:b,is_virtual:d,name:s,category_uid:aw,path:ax,is_marketing:a,position_in_category:aS},{category_id:eI,is_parent:b,is_virtual:d,name:cp,category_uid:eJ,path:eK,is_marketing:a,position_in_category:e},{category_id:a_,is_parent:b,is_virtual:d,name:B,category_uid:a$,path:ba,is_marketing:a,position_in_category:e},{category_id:cK,is_parent:b,is_virtual:d,name:y,category_uid:cL,path:cM,is_marketing:a,position_in_category:z}],name:["Tiramisu Pandoro 30 oz"],meta_title:["Tiramisu Pandoro 30 oz - Borsari | Eataly.com"],image:["\u002Fb\u002Fo\u002Fborsari-tiramisu-pandoro-30-oz.jpg"],small_image:["\u002Fb\u002Fo\u002Fborsari-tiramisu-pandoro-30-oz_small.jpg"],thumbnail:["\u002Fb\u002Fo\u002Fborsari-tiramisu-pandoro-30-oz_thumbnail.jpg"],url_key:["borsari-tiramisu-pandoro-30-oz"],country_of_manufacture:[ay],option_text_country_of_manufacture:[V],mini:["\u002Fb\u002Fo\u002Fborsari-tiramisu-pandoro-30-oz_mini.jpg"],vendor:[az],option_text_vendor:[aA],tech_masterdata_subcategory:[eL],net_weight:[nO],description:["\u003Cp\u003EBaker legend dictates that the star-shaped \u003Cstrong\u003EPandoro\u003C\u002Fstrong\u003E is modeled after the mountains near Verona, where it was first created. Borsari's special edition is filled with luscious tiramis cream and coffee-flavored chocolate chips. Excellent on its own, pandoro is traditionally sprinkled with powdered sugar, to resemble the snow on the mountains.\u003Cbr \u002F\u003E\r\nEnjoy with an espresso for a festive breakfast or serve as an after-dinner dessert with a glass of Coffee liqueur.\u003Cbr \u002F\u003E\r\nBorsari is a brand-new producer to Eataly! In 1903, Tiziano Golfetti opened the first pastry laboratory in Verona and called it \u003Cstrong\u003EBorsari\u003C\u002Fstrong\u003E, in honor of the famous Borsari Roman gate of Verona, the homeland of Pandoro.\u003C\u002Fp\u003E"],special_price:[bj],weight:[1.87],special_from_date:[eM],special_to_date:[eN],manufacturer:[1396],option_text_manufacturer:["Borsari"],status:[e],option_text_status:[aB],tax_class_id:[z],option_text_tax_class_id:[fu],unit_of_measurement:[cn],option_text_unit_of_measurement:[co],stock:{is_in_stock:b,qty:nP},attribute_set_name:bM,category_names:[r,h,O,O,y,y,s,cp,B,y]},{entity_id:"21426",attribute_set_id:bI,type_id:Z,sku:"1162992",has_options:a,required_options:a,created_at:kn,updated_at:eE,row_id:nE,created_in:L,updated_in:_,visibility:N,price:[{price:G,original_price:dl,is_discount:b,customer_group_id:i,tax_class_id:z,final_price:G,min_price:G,max_price:G},{price:G,original_price:dl,is_discount:b,customer_group_id:e,tax_class_id:z,final_price:G,min_price:G,max_price:G},{price:G,original_price:dl,is_discount:b,customer_group_id:g,tax_class_id:z,final_price:G,min_price:G,max_price:G},{price:G,original_price:dl,is_discount:b,customer_group_id:f,tax_class_id:z,final_price:G,min_price:G,max_price:G},{price:G,original_price:dl,is_discount:b,customer_group_id:j,tax_class_id:z,final_price:G,min_price:G,max_price:G},{price:G,original_price:dl,is_discount:b,customer_group_id:o,tax_class_id:z,final_price:G,min_price:G,max_price:G}],indexed_attributes:[$,aa,ab,aD,ac,ad,ae,af,ag,ah,ai,eb,aj,aJ,ak,aU,al,aV,aW,bK,bL,am,T,an,ao],category:[{category_id:g,is_virtual:d,category_uid:ap,path:aq,is_marketing:a,position_in_category:q},{category_id:f,is_parent:b,is_virtual:d,name:r,category_uid:ar,path:as,is_marketing:a,position_in_category:e},{category_id:ec,is_parent:b,is_virtual:d,name:bR,category_uid:ed,path:ee,is_marketing:a,position_in_category:e},{category_id:eu,is_parent:b,is_virtual:d,name:cl,category_uid:ev,path:ew,is_marketing:a,position_in_category:e},{category_id:gj,is_parent:b,is_virtual:d,name:cT,category_uid:gk,path:gl,is_marketing:a,position_in_category:bP},{category_id:ef,is_parent:b,is_virtual:d,name:O,category_uid:eg,path:eh,is_marketing:a,position_in_category:fp},{category_id:kv,is_parent:b,is_virtual:d,position:e,name:cO,category_uid:kw,path:kx,is_marketing:a,position_in_category:e},{category_id:cX,is_parent:b,is_virtual:d,position:e,name:A,category_uid:cY,path:cZ,is_marketing:a,position_in_category:e},{category_id:hJ,is_parent:b,is_virtual:d,name:ds,category_uid:hK,path:hL,is_marketing:a,position_in_category:cf},{category_id:eP,is_parent:b,is_virtual:d,position:U,name:cq,category_uid:eQ,path:eR,is_marketing:a,position_in_category:U},{category_id:nQ,is_parent:b,is_virtual:d,position:e,name:hP,category_uid:nR,path:nS,is_marketing:a,position_in_category:e},{category_id:gt,is_parent:b,is_virtual:d,position:bm,name:A,category_uid:gu,path:gv,is_marketing:a,position_in_category:bm},{category_id:dc,is_parent:b,is_virtual:d,name:O,category_uid:dd,path:de,is_marketing:a,position_in_category:z},{category_id:nT,is_parent:b,is_virtual:d,position:e,name:hQ,category_uid:nU,path:nV,is_marketing:a,position_in_category:e},{category_id:cK,is_parent:b,is_virtual:d,name:y,category_uid:cL,path:cM,is_marketing:a,position_in_category:ky},{category_id:cU,is_parent:b,is_virtual:d,position:j,name:y,category_uid:cV,path:cW,is_marketing:a,position_in_category:j},{category_id:df,is_parent:b,is_virtual:d,name:be,category_uid:dg,path:dh,is_marketing:a,position_in_category:e},{category_id:di,is_virtual:d,name:bf,category_uid:dj,path:dk,is_marketing:a,position_in_category:q},{category_id:fr,is_parent:b,is_virtual:d,name:cz,category_uid:fs,path:ft,is_marketing:a,position_in_category:cJ},{category_id:kz,is_parent:b,is_virtual:d,position:j,name:cO,category_uid:kA,path:kB,is_marketing:a,position_in_category:j},{category_id:av,is_parent:b,is_virtual:d,name:s,category_uid:aw,path:ax,is_marketing:a,position_in_category:aS},{category_id:eI,is_parent:b,is_virtual:d,name:cp,category_uid:eJ,path:eK,is_marketing:a,position_in_category:e},{category_id:a_,is_parent:b,is_virtual:d,name:B,category_uid:a$,path:ba,is_marketing:a,position_in_category:e},{category_id:ks,is_parent:b,is_virtual:d,name:fw,category_uid:kt,path:ku,is_marketing:a,position_in_category:e},{category_id:aE,is_parent:b,is_virtual:d,name:h,category_uid:aF,path:aG,is_marketing:a,position_in_category:o},{category_id:kv,is_parent:b,is_virtual:d,name:cO,category_uid:kw,path:kx,is_marketing:a,position_in_category:e},{category_id:cX,is_parent:b,is_virtual:d,name:A,category_uid:cY,path:cZ,is_marketing:a,position_in_category:e},{category_id:eP,is_parent:b,is_virtual:d,name:cq,category_uid:eQ,path:eR,is_marketing:a,position_in_category:U},{category_id:nQ,is_parent:b,is_virtual:d,name:hP,category_uid:nR,path:nS,is_marketing:a,position_in_category:e},{category_id:gt,is_parent:b,is_virtual:d,name:A,category_uid:gu,path:gv,is_marketing:a,position_in_category:bm},{category_id:nT,is_parent:b,is_virtual:d,name:hQ,category_uid:nU,path:nV,is_marketing:a,position_in_category:e},{category_id:kp,is_parent:b,is_virtual:d,position:j,name:A,category_uid:kq,path:kr,is_marketing:a,position_in_category:j},{category_id:cU,is_parent:b,is_virtual:d,name:y,category_uid:cV,path:cW,is_marketing:a,position_in_category:j},{category_id:kz,is_parent:b,is_virtual:d,name:cO,category_uid:kA,path:kB,is_marketing:a,position_in_category:j}],name:["Pistachio Cream Panettone"],meta_title:["Panettone with Pistachio Cream 36.9 oz - Eataly"],meta_description:["Shop Panettone with Pistachio Cream 36.9 oz by Eataly from Eataly. Shop all your Italian gifts and Holiday essentials at Eataly.com!"],image:["\u002F1\u002F1\u002F1162993_pistachio_pl_eataly.jpg"],small_image:["\u002Fa\u002Fd\u002Fadobe_express_-_file_6__2.jpg"],thumbnail:["\u002Fa\u002Fd\u002Fadobe_express_-_file_7__2_1.jpg"],url_key:["eataly-panettone-with-pistachio-cream-36-9-oz"],country_of_manufacture:[ay],option_text_country_of_manufacture:[V],mini:["\u002Fa\u002Fd\u002Fadobe_express_-_file_8__3.jpg"],vendor:[az],option_text_vendor:[aA],event_label:[eB],tech_masterdata_subcategory:[eL],net_weight:["36.9"],description:["\u003Cdiv data-content-type=\"html\" data-appearance=\"default\" data-element=\"main\"\u003E&lt;p&gt;Eataly's Pistachio Cream Panettone is produced in one of Italys finest artisan bakeries. Eatalys panettoni is the ultimate holiday treat. The collection includes four sumptuous flavors made with the highest quality ingredients.&lt;\u002Fbr&gt;&lt;\u002Fbr&gt;This white chocolate panettone pairs perfectly with the \r\nluxurious pistachio spread included in the package.&lt;\u002Fp&gt;\r\n&lt;p&gt;Serving Size:10 to 14 servings per container&lt;\u002Fp&gt;\u003C\u002Fdiv\u003E"],special_price:[G],weight:[nW],special_from_date:[eM],special_to_date:[eN],news_from_date:[cR],news_to_date:[eC],manufacturer:[cj],option_text_manufacturer:[ck],status:[e],option_text_status:[aB],tax_class_id:[z],option_text_tax_class_id:[fu],unit_of_measurement:[cn],option_text_unit_of_measurement:[co],stock:{is_in_stock:b,qty:p},attribute_set_name:bM,category_names:[r,bR,cl,cT,O,cO,A,ds,cq,hP,A,O,hQ,y,y,be,bf,cz,cO,s,cp,B,fw,h,cO,A,cq,hP,A,hQ,A,y,cO]},{entity_id:"21428",attribute_set_id:bI,type_id:Z,sku:kC,has_options:a,required_options:a,created_at:kn,updated_at:eE,row_id:"21427",created_in:L,updated_in:_,visibility:N,price:[{price:G,original_price:dl,is_discount:b,customer_group_id:i,tax_class_id:z,final_price:G,min_price:G,max_price:G},{price:G,original_price:dl,is_discount:b,customer_group_id:e,tax_class_id:z,final_price:G,min_price:G,max_price:G},{price:G,original_price:dl,is_discount:b,customer_group_id:g,tax_class_id:z,final_price:G,min_price:G,max_price:G},{price:G,original_price:dl,is_discount:b,customer_group_id:f,tax_class_id:z,final_price:G,min_price:G,max_price:G},{price:G,original_price:dl,is_discount:b,customer_group_id:j,tax_class_id:z,final_price:G,min_price:G,max_price:G},{price:G,original_price:dl,is_discount:b,customer_group_id:o,tax_class_id:z,final_price:G,min_price:G,max_price:G}],indexed_attributes:[$,aa,ab,aD,ac,ad,ae,af,ag,ah,ai,aj,aJ,ak,aU,al,aV,aW,bK,bL,am,T,an,cN,ao,kD],category:[{category_id:g,is_virtual:d,category_uid:ap,path:aq,is_marketing:a,position_in_category:fl},{category_id:f,is_parent:b,is_virtual:d,name:r,category_uid:ar,path:as,is_marketing:a,position_in_category:e},{category_id:j,is_parent:b,is_virtual:d,position:bc,name:h,category_uid:at,path:au,is_marketing:a,position_in_category:bc},{category_id:ec,is_parent:b,is_virtual:d,name:bR,category_uid:ed,path:ee,is_marketing:a,position_in_category:e},{category_id:aE,is_parent:b,is_virtual:d,name:h,category_uid:aF,path:aG,is_marketing:a,position_in_category:ea},{category_id:eu,is_parent:b,is_virtual:d,name:cl,category_uid:ev,path:ew,is_marketing:a,position_in_category:e},{category_id:gj,is_parent:b,is_virtual:d,name:cT,category_uid:gk,path:gl,is_marketing:a,position_in_category:aH},{category_id:ef,is_parent:b,is_virtual:d,name:O,category_uid:eg,path:eh,is_marketing:a,position_in_category:fp},{category_id:cX,is_parent:b,is_virtual:d,position:j,name:A,category_uid:cY,path:cZ,is_marketing:a,position_in_category:j},{category_id:hJ,is_parent:b,is_virtual:d,name:ds,category_uid:hK,path:hL,is_marketing:a,position_in_category:Q},{category_id:eP,is_parent:b,is_virtual:d,position:Q,name:cq,category_uid:eQ,path:eR,is_marketing:a,position_in_category:Q},{category_id:gt,is_parent:b,is_virtual:d,position:f,name:A,category_uid:gu,path:gv,is_marketing:a,position_in_category:f},{category_id:dc,is_parent:b,is_virtual:d,name:O,category_uid:dd,path:de,is_marketing:a,position_in_category:z},{category_id:cK,is_parent:b,is_virtual:d,name:y,category_uid:cL,path:cM,is_marketing:a,position_in_category:ky},{category_id:cU,is_parent:b,is_virtual:d,position:o,name:y,category_uid:cV,path:cW,is_marketing:a,position_in_category:o},{category_id:eF,is_parent:b,is_virtual:d,name:aK,category_uid:eG,path:eH,is_marketing:a,position_in_category:58},{category_id:df,is_parent:b,is_virtual:d,name:be,category_uid:dg,path:dh,is_marketing:a,position_in_category:e},{category_id:di,is_virtual:d,name:bf,category_uid:dj,path:dk,is_marketing:a,position_in_category:q},{category_id:fr,is_parent:b,is_virtual:d,name:cz,category_uid:fs,path:ft,is_marketing:a,position_in_category:cJ},{category_id:av,is_parent:b,is_virtual:d,name:s,category_uid:aw,path:ax,is_marketing:a,position_in_category:aS},{category_id:eI,is_parent:b,is_virtual:d,name:cp,category_uid:eJ,path:eK,is_marketing:a,position_in_category:e},{category_id:a_,is_parent:b,is_virtual:d,name:B,category_uid:a$,path:ba,is_marketing:a,position_in_category:e},{category_id:ks,is_parent:b,is_virtual:d,name:fw,category_uid:kt,path:ku,is_marketing:a,position_in_category:i},{category_id:j,is_parent:b,is_virtual:d,name:h,category_uid:at,path:au,is_marketing:a,position_in_category:bc},{category_id:cX,is_parent:b,is_virtual:d,name:A,category_uid:cY,path:cZ,is_marketing:a,position_in_category:j},{category_id:eP,is_parent:b,is_virtual:d,name:cq,category_uid:eQ,path:eR,is_marketing:a,position_in_category:Q},{category_id:gt,is_parent:b,is_virtual:d,name:A,category_uid:gu,path:gv,is_marketing:a,position_in_category:f},{category_id:kp,is_parent:b,is_virtual:d,position:g,name:A,category_uid:kq,path:kr,is_marketing:a,position_in_category:g},{category_id:cU,is_parent:b,is_virtual:d,name:y,category_uid:cV,path:cW,is_marketing:a,position_in_category:o}],name:["Limoncello Panettone"],meta_title:["Limoncello Panettone 35.2 oz - Eataly"],meta_description:["Shop Limoncello Panettone 35.2 oz by Eataly from Eataly. Shop all your Italian gifts and Holiday essentials at Eataly.com!"],image:["\u002F1\u002F1\u002F1162993_limoncello_panettone.jpg"],small_image:["\u002Fa\u002Fd\u002Fadobe_express_-_file_3__4.jpg"],thumbnail:["\u002Fa\u002Fd\u002Fadobe_express_-_file_4__3.jpg"],url_key:["eataly-limoncello-panettone-35-2-oz"],country_of_manufacture:[ay],option_text_country_of_manufacture:[V],mini:["\u002Fa\u002Fd\u002Fadobe_express_-_file_5__3.jpg"],vendor:[az],option_text_vendor:[aA],tech_masterdata_subcategory:[eL],net_weight:[ke],description:["\u003Cdiv data-content-type=\"html\" data-appearance=\"default\" data-element=\"main\"\u003E&lt;p&gt;Brighten your holiday table with the &lt;b&gt;Limoncello Panettone&lt;\u002Fb&gt; by Eataly, a delightful twist on the classic Italian Christmas cake. Crafted with care, this panettone combines soft, airy dough with the refreshing flavor of limoncello, offering a light yet indulgent treat. Each bite balances sweet citrus notes with delicate richness, making it perfect to enjoy on its own or paired with coffee, tea, or sparkling wine. Beautifully wrapped, it also makes a thoughtful and festive gift for family and friends.&lt;\u002Fp&gt;\r\n\r\n&lt;p&gt;Serving Size:10 to 14 servings per container&lt;\u002Fp&gt;\u003C\u002Fdiv\u003E"],special_price:[G],weight:[nW],special_from_date:[eM],special_to_date:[eN],news_from_date:[cR],news_to_date:[eC],manufacturer:[cj],option_text_manufacturer:[ck],status:[e],option_text_status:[aB],tax_class_id:[z],option_text_tax_class_id:[fu],region_name:[nL],option_text_region_name:[nM],unit_of_measurement:[cn],option_text_unit_of_measurement:[co],private_label:[b],option_text_private_label:[kE],stock:{is_in_stock:b,qty:208},attribute_set_name:bM,category_names:[r,h,bR,h,cl,cT,O,A,ds,cq,A,O,y,y,aK,be,bf,cz,s,cp,B,fw,h,A,cq,A,A,y]}],maxSlidePerView:j,carouselStyle:c,colors:{white:iM,lightgrey:iN},isServerSideRendered:b,uniqueSelector:"carousel-cms-product-cards-204685-9"},"data-v-6dc1bbe5:2":{swiperNameMobile:"productsMobile10",swiperNameDesktop:"productsDesktop10",productList:[{entity_id:"21780",attribute_set_id:kF,type_id:Z,sku:nX,has_options:a,required_options:a,created_at:"2025-05-22 19:22:55",updated_at:"2025-10-10 19:30:07",row_id:"21794",created_in:L,updated_in:_,visibility:N,price:[{price:aL,original_price:aL,is_discount:a,customer_group_id:i,tax_class_id:fx,final_price:aL,min_price:aL,max_price:aL},{price:aL,original_price:aL,is_discount:a,customer_group_id:e,tax_class_id:fx,final_price:aL,min_price:aL,max_price:aL},{price:aL,original_price:aL,is_discount:a,customer_group_id:g,tax_class_id:fx,final_price:aL,min_price:aL,max_price:aL},{price:aL,original_price:aL,is_discount:a,customer_group_id:f,tax_class_id:fx,final_price:aL,min_price:aL,max_price:aL},{price:aL,original_price:aL,is_discount:a,customer_group_id:j,tax_class_id:fx,final_price:aL,min_price:aL,max_price:aL},{price:aL,original_price:aL,is_discount:a,customer_group_id:o,tax_class_id:fx,final_price:aL,min_price:aL,max_price:aL}],indexed_attributes:[$,aa,ab,aD,ac,ad,ae,af,ag,ah,ai,aj,ak,bF,al,bK,bL,am,T,an,ao],category:[{category_id:g,is_virtual:d,category_uid:ap,path:aq,is_marketing:a,position_in_category:kG},{category_id:f,is_virtual:d,name:r,category_uid:ar,path:as,is_marketing:a,position_in_category:kG},{category_id:j,is_virtual:d,name:h,category_uid:at,path:au,is_marketing:a,position_in_category:q},{category_id:Q,is_parent:b,is_virtual:d,name:dC,category_uid:jS,path:jT,is_marketing:a,position_in_category:e},{category_id:kH,is_virtual:d,name:gx,category_uid:nY,path:nZ,is_marketing:a,position_in_category:kG},{category_id:gy,is_parent:b,is_virtual:d,name:kI,category_uid:"NDU=",path:"1\u002F2\u002F3\u002F41\u002F45",is_marketing:a,position_in_category:n_},{category_id:cX,is_parent:b,is_virtual:d,position:fk,name:A,category_uid:cY,path:cZ,is_marketing:a,position_in_category:fk},{category_id:eP,is_parent:b,is_virtual:d,name:cq,category_uid:eQ,path:eR,is_marketing:a,position_in_category:aC},{category_id:n$,is_parent:b,is_virtual:d,position:cf,name:hR,category_uid:oa,path:ob,is_marketing:a,position_in_category:cf},{category_id:cX,is_parent:b,is_virtual:d,name:A,category_uid:cY,path:cZ,is_marketing:a,position_in_category:fk},{category_id:n$,is_parent:b,is_virtual:d,name:hR,category_uid:oa,path:ob,is_marketing:a,position_in_category:cf}],name:["Apertivo Candle"],meta_title:["Italian Aperitivo Candle  Citrus & Herbal Luxury Scent"],meta_description:["Experience the lively essence of golden hour with our Italian Aperitivo Candle, featuring zesty citrus, bitter orange, and herbal notes. Handcrafted with soy wax for a clean, long-lasting burnperfect for entertaining or relaxing."],image:["\u002F2\u002F_\u002F2_5_3.png"],small_image:["\u002Fa\u002Fd\u002Fadobe_express_-_file_3__7.png"],thumbnail:["\u002Fa\u002Fd\u002Fadobe_express_-_file_7__3.png"],url_key:["apertivo-candle"],country_of_manufacture:[ay],option_text_country_of_manufacture:[V],mini:["\u002Fa\u002Fd\u002Fadobe_express_-_file_5__7.png"],vendor:[az],option_text_vendor:[aA],tech_masterdata_subcategory:["CANDLES"],description:["\u003Cdiv data-content-type=\"html\" data-appearance=\"default\" data-element=\"main\"\u003E&lt;p&gt;Capture the spirit of golden hour with our Italian &lt;b&gt;Aperitivo Candle&lt;\u002Fb&gt;, inspired by the vibrant aroma of Italys favorite pre-dinner drink. This handcrafted candle blends zesty citrus, bitter orange, and herbal notes to evoke the lively essence of a classic aperitivo moment. Made with premium soy wax and a cotton wick, it delivers a clean, long-lasting burn perfect for setting a warm, inviting mood. Elevate your space with this uniquely Italian scentideal for entertaining, gifting, or savoring la dolce vita at home.&lt;\u002Fp&gt;\u003C\u002Fdiv\u003E"],shop_by_category:["2095"],option_text_shop_by_category:["Home & Lifestyle"],weight:[.53],news_from_date:["2025-05-29 00:00:00"],news_to_date:["2025-06-21 00:00:00"],manufacturer:[cj],option_text_manufacturer:[ck],status:[e],option_text_status:[aB],tax_class_id:[fx],option_text_tax_class_id:["AVATAX_CODE_PH060754"],unit_of_measurement:[1835],option_text_unit_of_measurement:["Lb"],stock:{is_in_stock:b,qty:bP},attribute_set_name:oc,category_names:[r,h,dC,gx,kI,A,cq,hR,A,hR],isFeatured:b,short_description:[X],featured_label:{text:X,backgroundColor:c}},{entity_id:"21618",attribute_set_id:bI,type_id:Z,sku:od,has_options:a,required_options:a,created_at:"2025-03-04 21:45:38",updated_at:"2025-10-27 14:24:03",row_id:"21619",created_in:L,updated_in:_,visibility:N,price:[{price:aM,original_price:aM,is_discount:a,customer_group_id:i,tax_class_id:bH,final_price:aM,min_price:aM,max_price:aM},{price:aM,original_price:aM,is_discount:a,customer_group_id:e,tax_class_id:bH,final_price:aM,min_price:aM,max_price:aM},{price:aM,original_price:aM,is_discount:a,customer_group_id:g,tax_class_id:bH,final_price:aM,min_price:aM,max_price:aM},{price:aM,original_price:aM,is_discount:a,customer_group_id:f,tax_class_id:bH,final_price:aM,min_price:aM,max_price:aM},{price:aM,original_price:aM,is_discount:a,customer_group_id:j,tax_class_id:bH,final_price:aM,min_price:aM,max_price:aM},{price:aM,original_price:aM,is_discount:a,customer_group_id:o,tax_class_id:bH,final_price:aM,min_price:aM,max_price:aM}],indexed_attributes:[$,aa,ab,aD,ac,ad,ae,af,ag,ah,ai,aj,aJ,ak,bF,al,bK,bL,am,T,an,cN,ao,kD],category:[{category_id:g,is_virtual:d,category_uid:ap,path:aq,is_marketing:a,position_in_category:q},{category_id:f,is_virtual:d,name:r,category_uid:ar,path:as,is_marketing:a,position_in_category:q},{category_id:j,is_virtual:d,name:h,category_uid:at,path:au,is_marketing:a,position_in_category:oe},{category_id:cd,is_parent:b,is_virtual:d,name:cB,category_uid:iT,path:iU,is_marketing:a,position_in_category:gy},{category_id:bH,is_virtual:d,name:ce,category_uid:es,path:et,is_marketing:a,position_in_category:q},{category_id:kJ,is_parent:b,is_virtual:d,name:gz,category_uid:kK,path:kL,is_marketing:a,position_in_category:iV},{category_id:aE,is_virtual:d,name:h,category_uid:aF,path:aG,is_marketing:a,position_in_category:q},{category_id:kM,is_parent:b,is_virtual:d,name:fy,category_uid:kN,path:kO,is_marketing:a,position_in_category:ns},{category_id:302,is_parent:b,is_virtual:d,name:of,category_uid:"MzAy",path:"1\u002F2\u002F302",is_marketing:a,position_in_category:cf},{category_id:cX,is_parent:b,is_virtual:d,position:hS,name:A,category_uid:cY,path:cZ,is_marketing:a,position_in_category:hS},{category_id:gA,is_parent:b,is_virtual:d,position:gy,name:c_,category_uid:gB,path:gC,is_marketing:a,position_in_category:gy},{category_id:343,is_parent:b,is_virtual:d,name:A,category_uid:"MzQz",path:"1\u002F2\u002F3\u002F8\u002F343",is_marketing:a,position_in_category:e},{category_id:eP,is_parent:b,is_virtual:d,name:cq,category_uid:eQ,path:eR,is_marketing:a,position_in_category:aC},{category_id:aX,is_virtual:d,name:h,category_uid:aY,path:aZ,is_marketing:a,position_in_category:q},{category_id:iJ,is_parent:b,is_virtual:d,name:bJ,category_uid:iK,path:iL,is_marketing:a,position_in_category:e},{category_id:gg,is_parent:b,is_virtual:d,name:bJ,category_uid:gh,path:gi,is_marketing:a,position_in_category:aC},{category_id:434,is_parent:b,is_virtual:d,name:kP,category_uid:"NDM0",path:"1\u002F2\u002F3\u002F332\u002F434",is_marketing:a,position_in_category:cy},{category_id:457,is_parent:b,is_virtual:d,name:A,category_uid:"NDU3",path:"1\u002F2\u002F3\u002F78\u002F457",is_marketing:a,position_in_category:e},{category_id:cX,is_parent:b,is_virtual:d,name:A,category_uid:cY,path:cZ,is_marketing:a,position_in_category:hS},{category_id:gA,is_parent:b,is_virtual:d,name:c_,category_uid:gB,path:gC,is_marketing:a,position_in_category:gy}],name:["Tricolore Fusilloni"],meta_title:["Eataly Fusilloni Tricolore  Colorful Italian Durum Wheat Pasta"],meta_description:["Enjoy Eataly Fusilloni Tricolore, made with 100% Italian durum wheat, tomato, red chard, and spinach. Vibrant, flavorful, and perfect for any sauce, this pasta brings color and authenticity to your table."],image:["\u002F1\u002F1\u002F1165144.jpg"],small_image:["\u002Fa\u002Fd\u002Fadobe_express_-_file_3__2.jpg"],thumbnail:["\u002Fa\u002Fd\u002Fadobe_express_-_file_4__1.jpg"],url_key:["fusilloni-tricolore"],country_of_manufacture:[ay],option_text_country_of_manufacture:[V],mini:["\u002Fa\u002Fd\u002Fadobe_express_-_file_5__1.jpg"],vendor:[az],option_text_vendor:[aA],tech_masterdata_subcategory:[kQ],net_weight:[og],description:["\u003Cdiv data-content-type=\"html\" data-appearance=\"default\" data-element=\"main\"\u003E&lt;p&gt;Eataly's &lt;b&gt;Fusilloni Tricolore 100% Grano Italiano&lt;\u002Fb&gt; bring all the liveliness and flavor of Italian cuisine to the table! Prepared with 100% Italian durum wheat and enriched with tomato, red chard, and spinach this fusilloni immediately conquers the eye and palate, thanks to their bright colors and perfect consistency.\r\n\r\nThe bronze drawing and slow drying enhance the quality of the ingredients, guaranteeing a pasta that can hold every sauce with elegance. Perfect for surprising the little ones with their chromatic cheerfulness and for satisfying the palates of adults with their genuine and authentic flavour.\r\n\r\nExperiment with new recipes and combine Fusilloni Tricolore with vegetable sauces, light creams or richer sauces, to transform every occasion into a celebration of taste and color. Bring the quality signed by Eataly to the table!&lt;\u002FP&gt;\u003C\u002Fdiv\u003E"],shop_by_category:[kR],option_text_shop_by_category:[cB],weight:[1.1],news_from_date:["2025-03-10 00:00:00"],news_to_date:["2025-03-26 00:00:00"],manufacturer:[cj],option_text_manufacturer:[ck],status:[e],option_text_status:[aB],tax_class_id:[bH],option_text_tax_class_id:[oh],region_name:[oi],option_text_region_name:[oj],unit_of_measurement:[cn],option_text_unit_of_measurement:[co],private_label:[b],option_text_private_label:[kE],stock:{is_in_stock:b,qty:gy},attribute_set_name:bM,category_names:[r,h,cB,ce,gz,h,fy,of,A,c_,A,cq,h,bJ,bJ,kP,A,A,c_],isFeatured:b,short_description:[X],featured_label:{text:X,backgroundColor:c}},{entity_id:"20898",attribute_set_id:bI,type_id:Z,sku:ok,has_options:a,required_options:a,created_at:"2024-07-19 20:03:31",updated_at:"2025-10-27 14:21:38",row_id:"20897",created_in:L,updated_in:_,visibility:N,price:[{price:aN,original_price:bt,is_discount:b,customer_group_id:i,tax_class_id:bH,final_price:aN,min_price:aN,max_price:bt},{price:aN,original_price:bt,is_discount:b,customer_group_id:e,tax_class_id:bH,final_price:aN,min_price:aN,max_price:bt},{price:bt,original_price:bt,is_discount:a,customer_group_id:g,tax_class_id:bH,final_price:bt,min_price:bt,max_price:bt},{price:bt,original_price:bt,is_discount:a,customer_group_id:f,tax_class_id:bH,final_price:bt,min_price:bt,max_price:bt},{price:bt,original_price:bt,is_discount:a,customer_group_id:j,tax_class_id:bH,final_price:bt,min_price:bt,max_price:bt},{price:bt,original_price:bt,is_discount:a,customer_group_id:o,tax_class_id:bH,final_price:bt,min_price:bt,max_price:bt}],indexed_attributes:[$,aa,ab,aD,ac,ad,ae,af,ag,ah,ai,aj,aJ,ak,bF,al,am,T,an,ao],category:[{category_id:g,is_virtual:d,category_uid:ap,path:aq,is_marketing:a,position_in_category:q},{category_id:f,is_virtual:d,name:r,category_uid:ar,path:as,is_marketing:a,position_in_category:q},{category_id:j,is_parent:b,is_virtual:d,name:h,category_uid:at,path:au,is_marketing:a,position_in_category:cI},{category_id:bc,is_parent:b,is_virtual:d,name:cr,category_uid:en,path:eo,is_marketing:a,position_in_category:e},{category_id:bP,is_parent:b,is_virtual:d,position:j,name:dZ,category_uid:iC,path:iD,is_marketing:a,position_in_category:j},{category_id:U,is_parent:b,is_virtual:d,name:R,category_uid:ep,path:eq,is_marketing:a,position_in_category:e},{category_id:dD,is_parent:b,is_virtual:d,position:aS,name:I,category_uid:d_,path:d$,is_marketing:a,position_in_category:aS},{category_id:ol,is_parent:b,is_virtual:d,name:eS,category_uid:om,path:on,is_marketing:a,position_in_category:f},{category_id:aE,is_parent:b,is_virtual:d,name:h,category_uid:aF,path:aG,is_marketing:a,position_in_category:ea},{category_id:cX,is_parent:b,is_virtual:d,name:A,category_uid:cY,path:cZ,is_marketing:a,position_in_category:ky},{category_id:hz,is_parent:b,is_virtual:d,name:dq,category_uid:hA,path:hB,is_marketing:a,position_in_category:e},{category_id:eP,is_parent:b,is_virtual:d,name:cq,category_uid:eQ,path:eR,is_marketing:a,position_in_category:aC},{category_id:aX,is_virtual:d,name:h,category_uid:aY,path:aZ,is_marketing:a,position_in_category:q},{category_id:hC,is_parent:b,is_virtual:d,name:dr,category_uid:hD,path:hE,is_marketing:a,position_in_category:e},{category_id:dR,is_parent:b,is_virtual:d,name:R,category_uid:dS,path:dT,is_marketing:a,position_in_category:bU},{category_id:fh,is_parent:b,is_virtual:d,name:I,category_uid:fi,path:fj,is_marketing:a,position_in_category:bm},{category_id:436,is_parent:b,is_virtual:d,name:kS,category_uid:"NDM2",path:"1\u002F2\u002F3\u002F332\u002F436",is_marketing:a,position_in_category:j},{category_id:av,is_parent:b,is_virtual:d,name:s,category_uid:aw,path:ax,is_marketing:a,position_in_category:aS},{category_id:gD,is_parent:b,is_virtual:d,position:cy,name:I,category_uid:gE,path:gF,is_marketing:a,position_in_category:cy},{category_id:a_,is_parent:b,is_virtual:d,name:B,category_uid:a$,path:ba,is_marketing:a,position_in_category:e},{category_id:bP,is_parent:b,is_virtual:d,name:dZ,category_uid:iC,path:iD,is_marketing:a,position_in_category:j},{category_id:dD,is_parent:b,is_virtual:d,name:I,category_uid:d_,path:d$,is_marketing:a,position_in_category:aS},{category_id:gD,is_parent:b,is_virtual:d,name:I,category_uid:gE,path:gF,is_marketing:a,position_in_category:cy}],name:["Delicate Balsamic Vinegar"],meta_title:["Delicate Balsamic Vinegar 8.8 oz - Eataly"],meta_description:["Shop Delicate Balsamic Vinegar 8.8 oz by Eataly. Find all your Italian Pantry essentials on Eataly.com!"],image:["\u002Fe\u002Fa\u002Feataly-delicate-balsamic-vinegar-8-8-oz.jpg"],small_image:["\u002Fe\u002Fa\u002Feataly-delicate-balsamic-vinegar-8-8-oz_small.jpg"],thumbnail:["\u002Fe\u002Fa\u002Feataly-delicate-balsamic-vinegar-8-8-oz_thumbnail.jpg"],url_key:["eataly-delicate-balsamic-vinegar-8-8-oz"],country_of_manufacture:[ay],option_text_country_of_manufacture:[V],mini:["\u002Fe\u002Fa\u002Feataly-delicate-balsamic-vinegar-8-8-oz_mini.jpg"],vendor:[az],option_text_vendor:[aA],tech_masterdata_subcategory:[iW],net_weight:["8.8"],description:["\u003Cp\u003EThe \u003Cstrong\u003EBalsamic Vinegar of Modena PGI  Delicate\u003C\u002Fstrong\u003E 8.8 oz by Eataly is a true delight made in Italy: unmissable to enhance and enrich your dishes!\u003C\u002Fbr\u003E\u003C\u002Fbr\u003EMade with quality raw materials, this vinegar is inspired by the Italian and Modena tradition, offering a sweet, rounded and balanced taste, which makes it perfect for seasoning salads, white meats and vegetables.\u003C\u002Fbr\u003E\u003C\u002Fbr\u003ETry the Balsamic Vinegar of Modena PGI by Eataly in the Delicato version, for a journey into the heart of Italian tradition as a true connoisseur!\u003C\u002Fp\u003E"],shop_by_category:[oo],option_text_shop_by_category:[eS],weight:[.55],manufacturer:[cj],option_text_manufacturer:[ck],status:[e],option_text_status:[aB],tax_class_id:[bH],option_text_tax_class_id:[oh],unit_of_measurement:[cn],option_text_unit_of_measurement:[co],stock:{is_in_stock:b,qty:U},attribute_set_name:bM,category_names:[r,h,cr,dZ,R,I,eS,h,A,dq,cq,h,dr,R,I,kS,s,I,B,dZ,I,I],isFeatured:b,short_description:[X],featured_label:{text:X,backgroundColor:c}},{entity_id:"21135",attribute_set_id:bI,type_id:Z,sku:op,has_options:a,required_options:a,created_at:"2024-08-22 15:45:35",updated_at:"2025-10-27 14:26:39",row_id:"21134",created_in:L,updated_in:_,visibility:N,price:[{price:S,original_price:aN,is_discount:b,customer_group_id:i,tax_class_id:eT,final_price:S,min_price:S,max_price:aN},{price:S,original_price:aN,is_discount:b,customer_group_id:e,tax_class_id:eT,final_price:S,min_price:S,max_price:aN},{price:aN,original_price:aN,is_discount:a,customer_group_id:g,tax_class_id:eT,final_price:aN,min_price:aN,max_price:aN},{price:aN,original_price:aN,is_discount:a,customer_group_id:f,tax_class_id:eT,final_price:aN,min_price:aN,max_price:aN},{price:aN,original_price:aN,is_discount:a,customer_group_id:j,tax_class_id:eT,final_price:aN,min_price:aN,max_price:aN},{price:aN,original_price:aN,is_discount:a,customer_group_id:o,tax_class_id:eT,final_price:aN,min_price:aN,max_price:aN}],indexed_attributes:[$,aa,ab,aD,ac,ad,ae,af,ag,ah,ai,eb,aj,aJ,ak,bF,al,aU,aV,aW,am,T,an,ao,kD],category:[{category_id:g,is_virtual:d,category_uid:ap,path:aq,is_marketing:a,position_in_category:oq},{category_id:f,is_virtual:d,name:r,category_uid:ar,path:as,is_marketing:a,position_in_category:9988},{category_id:aC,is_parent:b,is_virtual:d,name:Y,category_uid:cC,path:cD,is_marketing:a,position_in_category:dt},{category_id:ec,is_parent:b,is_virtual:d,name:bR,category_uid:ed,path:ee,is_marketing:a,position_in_category:e},{category_id:100,is_virtual:d,category_uid:"MTAw",path:"1\u002F2\u002F3\u002F99\u002F100",is_marketing:a,position_in_category:9995},{category_id:or,is_parent:b,is_virtual:d,name:kT,category_uid:"MTA0",path:"1\u002F2\u002F3\u002F99\u002F100\u002F104",is_marketing:a,position_in_category:os},{category_id:ot,is_parent:b,is_virtual:d,name:cv,category_uid:ou,path:ov,is_marketing:a,position_in_category:cS},{category_id:kJ,is_virtual:d,name:gz,category_uid:kK,path:kL,is_marketing:a,position_in_category:oq},{category_id:aE,is_virtual:d,name:h,category_uid:aF,path:aG,is_marketing:a,position_in_category:9983},{category_id:323,is_parent:b,is_virtual:d,name:kU,category_uid:"MzIz",path:"1\u002F2\u002F142\u002F323",is_marketing:a,position_in_category:-21},{category_id:cX,is_parent:b,is_virtual:d,position:cd,name:A,category_uid:cY,path:cZ,is_marketing:a,position_in_category:cd},{category_id:ow,is_parent:b,is_virtual:d,name:hT,category_uid:ox,path:oy,is_marketing:a,position_in_category:cJ},{category_id:iX,is_parent:b,is_virtual:d,position:g,name:cv,category_uid:iY,path:iZ,is_marketing:a,position_in_category:g},{category_id:eP,is_parent:b,is_virtual:d,name:cq,category_uid:eQ,path:eR,is_marketing:a,position_in_category:aC},{category_id:ex,is_parent:b,is_virtual:d,name:bb,category_uid:fm,path:fn,is_marketing:a,position_in_category:os},{category_id:hF,is_parent:b,is_virtual:d,name:bb,category_uid:hG,path:hH,is_marketing:a,position_in_category:n_},{category_id:iP,is_parent:b,is_virtual:d,name:bQ,category_uid:iQ,path:iR,is_marketing:a,position_in_category:-12},{category_id:hw,is_parent:b,is_virtual:d,name:bQ,category_uid:hx,path:hy,is_marketing:a,position_in_category:-17},{category_id:oz,is_parent:b,is_virtual:d,position:Q,name:hU,category_uid:oA,path:oB,is_marketing:a,position_in_category:Q},{category_id:ey,is_parent:b,is_virtual:d,position:bU,name:cm,category_uid:ez,path:eA,is_marketing:a,position_in_category:bU},{category_id:av,is_parent:b,is_virtual:d,name:s,category_uid:aw,path:ax,is_marketing:a,position_in_category:aS},{category_id:a_,is_parent:b,is_virtual:d,name:B,category_uid:a$,path:ba,is_marketing:a,position_in_category:e},{category_id:kV,is_parent:b,is_virtual:d,position:j,name:fz,category_uid:kW,path:kX,is_marketing:a,position_in_category:j},{category_id:cX,is_parent:b,is_virtual:d,name:A,category_uid:cY,path:cZ,is_marketing:a,position_in_category:cd},{category_id:iX,is_parent:b,is_virtual:d,name:cv,category_uid:iY,path:iZ,is_marketing:a,position_in_category:g},{category_id:oz,is_parent:b,is_virtual:d,name:hU,category_uid:oA,path:oB,is_marketing:a,position_in_category:Q},{category_id:ey,is_parent:b,is_virtual:d,name:cm,category_uid:ez,path:eA,is_marketing:a,position_in_category:bU},{category_id:kV,is_parent:b,is_virtual:d,name:fz,category_uid:kW,path:kX,is_marketing:a,position_in_category:j}],name:["Hazelnut Spread"],meta_title:["Hazelnut Spread 8.1 oz - Eataly"],meta_description:["Shop Hazelnut Spread 8.1 oz by Eataly! Exclusively at Eataly.com"],image:["\u002Fe\u002Fa\u002Feataly-hazelnut-spread-8-1-oz.jpg"],small_image:["\u002Fe\u002Fa\u002Feataly-hazelnut-spread-8-1-oz_small.jpg"],thumbnail:["\u002Fe\u002Fa\u002Feataly-hazelnut-spread-8-1-oz_thumbnail.jpg"],url_key:["eataly-hazelnut-spread-8-1-oz"],country_of_manufacture:[ay],option_text_country_of_manufacture:[V],mini:["\u002Fe\u002Fa\u002Feataly-hazelnut-spread-8-1-oz_mini.jpg"],vendor:[az],option_text_vendor:[aA],event_label:[eB],tech_masterdata_subcategory:[oC],net_weight:["8.1"],description:["\u003Cdiv data-content-type=\"html\" data-appearance=\"default\" data-element=\"main\"\u003E&lt;p&gt;&lt;strong&gt;Eataly Hazelnut Spread&lt;\u002Fstrong&gt;: fill up on taste and energy!&lt;\u002Fbr&gt;&lt;\u002Fbr&gt;Made with selected ingredients and only with \"Piedmont Hazelnut IGP\", it is soft and creamy from the first taste, giving you a moment of pure pleasure. A real treat to spread on bread or rice and\u002For cereal crackers, for a quick and tasty snack.&lt;\u002Fbr&gt;&lt;\u002Fbr&gt;Make your snacks even sweeter and more delicious with Eataly Hazelnut Spread!&lt;\u002Fp&gt;\u003C\u002Fdiv\u003E"],shop_by_category:[oD],option_text_shop_by_category:[cv],weight:[.5],special_price:[14.24],special_from_date:[kY],special_to_date:[kZ],manufacturer:[cj],option_text_manufacturer:[ck],status:[e],option_text_status:[aB],tax_class_id:[eT],option_text_tax_class_id:["AVATAX_CODE_PF050097"],unit_of_measurement:[cn],option_text_unit_of_measurement:[co],private_label:[b],option_text_private_label:[kE],stock:{is_in_stock:b,qty:oE},attribute_set_name:bM,category_names:[r,Y,bR,kT,cv,gz,h,kU,A,hT,cv,cq,bb,bb,bQ,bQ,hU,cm,s,B,fz,A,cv,hU,cm,fz],isFeatured:b,short_description:[X],featured_label:{text:X,backgroundColor:c}}],maxSlidePerView:j,carouselStyle:c,colors:{white:iM,lightgrey:iN},isServerSideRendered:b,uniqueSelector:"carousel-cms-product-cards-204686-10"},"data-v-6dc1bbe5:3":{swiperNameMobile:"productsMobile11",swiperNameDesktop:"productsDesktop11",productList:[{entity_id:oF,attribute_set_id:bI,type_id:Z,sku:"1150816",has_options:a,required_options:a,created_at:"2023-02-09 15:52:44",updated_at:i_,row_id:oF,created_in:L,updated_in:_,visibility:N,price:[{price:aO,original_price:aO,is_discount:a,customer_group_id:i,tax_class_id:w,final_price:aO,min_price:aO,max_price:aO},{price:aO,original_price:aO,is_discount:a,customer_group_id:e,tax_class_id:w,final_price:aO,min_price:aO,max_price:aO},{price:aO,original_price:aO,is_discount:a,customer_group_id:g,tax_class_id:w,final_price:aO,min_price:aO,max_price:aO},{price:aO,original_price:aO,is_discount:a,customer_group_id:f,tax_class_id:w,final_price:aO,min_price:aO,max_price:aO},{price:aO,original_price:aO,is_discount:a,customer_group_id:j,tax_class_id:w,final_price:aO,min_price:aO,max_price:aO},{price:aO,original_price:aO,is_discount:a,customer_group_id:o,tax_class_id:w,final_price:aO,min_price:aO,max_price:aO}],indexed_attributes:[$,aa,ab,aD,ac,ad,ae,af,ag,ah,ai,eb,aj,aJ,ak,i$,bF,al,aU,aV,aW,bK,bL,am,T,an,cN,ao],category:[{category_id:g,is_virtual:d,category_uid:ap,path:aq,is_marketing:a,position_in_category:q},{category_id:f,is_virtual:d,name:r,category_uid:ar,path:as,is_marketing:a,position_in_category:q},{category_id:j,is_virtual:d,name:h,category_uid:at,path:au,is_marketing:a,position_in_category:10069},{category_id:aC,is_parent:b,is_virtual:d,name:Y,category_uid:cC,path:cD,is_marketing:a,position_in_category:dt},{category_id:oG,is_parent:b,is_virtual:d,name:ja,category_uid:"Njc=",path:"1\u002F2\u002F3\u002F67",is_marketing:a,position_in_category:g},{category_id:bH,is_parent:b,is_virtual:d,position:dF,name:ce,category_uid:es,path:et,is_marketing:a,position_in_category:dF},{category_id:iV,is_parent:b,is_virtual:d,name:k_,category_uid:"ODE=",path:"1\u002F2\u002F3\u002F78\u002F81",is_marketing:a,position_in_category:eD},{category_id:83,is_parent:b,is_virtual:d,name:k$,category_uid:"ODM=",path:"1\u002F2\u002F3\u002F78\u002F81\u002F83",is_marketing:a,position_in_category:cy},{category_id:jb,is_parent:b,is_virtual:d,position:cd,name:ei,category_uid:jc,path:jd,is_marketing:a,position_in_category:cd},{category_id:oH,is_parent:b,is_virtual:d,name:hV,category_uid:oI,path:oJ,is_marketing:a,position_in_category:123},{category_id:aE,is_virtual:d,name:h,category_uid:aF,path:aG,is_marketing:a,position_in_category:q},{category_id:aX,is_virtual:d,name:h,category_uid:aY,path:aZ,is_marketing:a,position_in_category:q},{category_id:fY,is_parent:b,is_virtual:d,name:aK,category_uid:fZ,path:f_,is_marketing:a,position_in_category:e},{category_id:eF,is_parent:b,is_virtual:d,name:aK,category_uid:eG,path:eH,is_marketing:a,position_in_category:dD},{category_id:df,is_parent:b,is_virtual:d,name:be,category_uid:dg,path:dh,is_marketing:a,position_in_category:e},{category_id:di,is_virtual:d,name:bf,category_uid:dj,path:dk,is_marketing:a,position_in_category:q},{category_id:oK,is_parent:b,is_virtual:d,name:hW,category_uid:oL,path:oM,is_marketing:a,position_in_category:cS},{category_id:la,is_parent:b,is_virtual:d,name:fA,category_uid:lb,path:lc,is_marketing:a,position_in_category:e},{category_id:bH,is_parent:b,is_virtual:d,name:ce,category_uid:es,path:et,is_marketing:a,position_in_category:dF},{category_id:jb,is_parent:b,is_virtual:d,name:ei,category_uid:jc,path:jd,is_marketing:a,position_in_category:cd}],name:["Organic Puttanesca Tomato Sauce 19.4 oz"],meta_title:["Organic Puttanesca Tomato Sauce 19.4 oz - Bio Orto"],meta_description:["Shop Organic Puttanesca Tomato Sauce from Bio Orto on Eataly.com. Buy Italian Pasta Sauces online!"],image:["\u002F1\u002F1\u002F1150816-organic-puttanesca-tomato-sauce-19_4-oz-bio-orto_1_1.jpg"],small_image:["\u002F1\u002F1\u002F1150816-organic-puttanesca-tomato-sauce-19_4-oz-bio-orto_small_1_1.jpg"],thumbnail:["\u002F1\u002F1\u002F1150816-organic-puttanesca-tomato-sauce-19_4-oz-bio-orto_thumb_1_1.jpg"],url_key:["bio-orto-organic-puttanesca-tomato-sauce-19-4-oz"],country_of_manufacture:[ay],option_text_country_of_manufacture:[V],mini:["\u002F1\u002F1\u002F1150816-organic-puttanesca-tomato-sauce-19_4-oz-bio-orto_mini_1_1.jpg"],vendor:[az],option_text_vendor:[aA],event_label:[eB],tech_masterdata_subcategory:["PRESERVED SAUCES"],net_weight:["19.4"],description:["\u003Cp\u003ECreated in Napoli, this colorful recipe evokes southern Italy, from the briny taste of the characteristic capers and olives to the risque name (\u003Cem\u003E'puttanesca'\u003C\u002Fem\u003E translates to \u003Cem\u003E'in the style of prostitutes'\u003C\u002Fem\u003E).  The \u003Cb\u003EOrganic Puttanesca Tomato Sauce\u003C\u002Fb\u003E from BioOrto is a ready-to-use sauce made with organic-only Apulian tomatoes and BioOrto's Extra Virgin Olive Oil, without preservatives and added sugars.\u003Cbr \u002F\u003E\nPerfect for elevating a plain pasta dish, the Organic Puttanesca Sauce is best paired with Ziti, Penne, or any other short pasta.\u003C\u002Fp\u003E"],directions:["\u003Cp\u003EReady in 1 minute! Just heat up your saucepan with extra virgin olive oil and slowly add the sauce.\u003C\u002Fp\u003E"],shop_by_category:[oN],option_text_shop_by_category:[ld],weight:[1.21],special_price:[8.89],special_from_date:["2024-08-29 00:00:00"],special_to_date:["2024-09-29 00:00:00"],news_from_date:["2022-05-16 00:00:00"],news_to_date:["2022-06-30 00:00:00"],manufacturer:[1594],option_text_manufacturer:["Bio Orto"],status:[e],option_text_status:[aB],tax_class_id:[w],option_text_tax_class_id:[eU],region_name:[1823],option_text_region_name:["Puglia"],unit_of_measurement:[cn],option_text_unit_of_measurement:[co],stock:{is_in_stock:b,qty:Q},attribute_set_name:bM,category_names:[r,h,Y,ja,ce,k_,k$,ei,hV,h,h,aK,aK,be,bf,hW,fA,ce,ei]},{entity_id:oO,attribute_set_id:bI,type_id:Z,sku:"1152441",has_options:a,required_options:a,created_at:"2023-02-09 15:59:30",updated_at:i_,row_id:oO,created_in:L,updated_in:_,visibility:N,price:[{price:gG,original_price:bu,is_discount:b,customer_group_id:i,tax_class_id:fB,final_price:gG,min_price:gG,max_price:bu},{price:gG,original_price:bu,is_discount:b,customer_group_id:e,tax_class_id:fB,final_price:gG,min_price:gG,max_price:bu},{price:bu,original_price:bu,is_discount:a,customer_group_id:g,tax_class_id:fB,final_price:bu,min_price:bu,max_price:bu},{price:bu,original_price:bu,is_discount:a,customer_group_id:f,tax_class_id:fB,final_price:bu,min_price:bu,max_price:bu},{price:bu,original_price:bu,is_discount:a,customer_group_id:j,tax_class_id:fB,final_price:bu,min_price:bu,max_price:bu},{price:bu,original_price:bu,is_discount:a,customer_group_id:o,tax_class_id:fB,final_price:bu,min_price:bu,max_price:bu}],indexed_attributes:[$,aa,ab,aD,ac,ad,ae,af,ag,ah,ai,eb,aj,aJ,ak,bF,al,aU,aV,aW,am,T,an,cN,ao],category:[{category_id:g,is_virtual:d,category_uid:ap,path:aq,is_marketing:a,position_in_category:fl},{category_id:f,is_virtual:d,name:r,category_uid:ar,path:as,is_marketing:a,position_in_category:fl},{category_id:j,is_virtual:d,name:h,category_uid:at,path:au,is_marketing:a,position_in_category:10052},{category_id:aC,is_parent:b,is_virtual:d,position:o,name:Y,category_uid:cC,path:cD,is_marketing:a,position_in_category:o},{category_id:ec,is_parent:b,is_virtual:d,name:bR,category_uid:ed,path:ee,is_marketing:a,position_in_category:e},{category_id:ot,is_parent:b,is_virtual:d,name:cv,category_uid:ou,path:ov,is_marketing:a,position_in_category:bc},{category_id:aE,is_virtual:d,name:h,category_uid:aF,path:aG,is_marketing:a,position_in_category:q},{category_id:kv,is_parent:b,is_virtual:d,name:cO,category_uid:kw,path:kx,is_marketing:a,position_in_category:Q},{category_id:ow,is_parent:b,is_virtual:d,name:hT,category_uid:ox,path:oy,is_marketing:a,position_in_category:gm},{category_id:iX,is_parent:b,is_virtual:d,position:bc,name:cv,category_uid:iY,path:iZ,is_marketing:a,position_in_category:bc},{category_id:aX,is_virtual:d,name:h,category_uid:aY,path:aZ,is_marketing:a,position_in_category:q},{category_id:fY,is_parent:b,is_virtual:d,name:aK,category_uid:fZ,path:f_,is_marketing:a,position_in_category:e},{category_id:eF,is_parent:b,is_virtual:d,name:aK,category_uid:eG,path:eH,is_marketing:a,position_in_category:je},{category_id:df,is_parent:b,is_virtual:d,name:be,category_uid:dg,path:dh,is_marketing:a,position_in_category:e},{category_id:di,is_virtual:d,name:bf,category_uid:dj,path:dk,is_marketing:a,position_in_category:fl},{category_id:oK,is_parent:b,is_virtual:d,name:hW,category_uid:oL,path:oM,is_marketing:a,position_in_category:i},{category_id:kz,is_parent:b,is_virtual:d,name:cO,category_uid:kA,path:kB,is_marketing:a,position_in_category:U},{category_id:av,is_parent:b,is_virtual:d,name:s,category_uid:aw,path:ax,is_marketing:a,position_in_category:aS},{category_id:a_,is_parent:b,is_virtual:d,name:B,category_uid:a$,path:ba,is_marketing:a,position_in_category:e},{category_id:kV,is_parent:b,is_virtual:d,name:fz,category_uid:kW,path:kX,is_marketing:a,position_in_category:bP},{category_id:aC,is_parent:b,is_virtual:d,name:Y,category_uid:cC,path:cD,is_marketing:a,position_in_category:o},{category_id:iX,is_parent:b,is_virtual:d,name:cv,category_uid:iY,path:iZ,is_marketing:a,position_in_category:bc}],name:["Crunchy Pistachio Spread 7 oz"],meta_title:["Crunchy Pistachio Spread 7 oz - Scyavuru"],meta_description:["Shop Crunchy Pistachio Cream from Scyavuru on Eataly.com. Buy Italian Sweet Spreads online!"],image:["\u002F1\u002F1\u002F1152441-crunchy-pistachio-cream-7-oz-scyavuru_1_1.jpg"],small_image:["\u002F1\u002F1\u002F1152441-crunchy-pistachio-cream-7-oz-scyavuru_small_1_1.jpg"],thumbnail:["\u002F1\u002F1\u002F1152441-crunchy-pistachio-cream-7-oz-scyavuru_thumb_1_1.jpg"],url_key:["scyavuru-crunchy-pistachio-spread-7-oz"],country_of_manufacture:[ay],option_text_country_of_manufacture:[V],mini:["\u002F1\u002F1\u002F1152441-crunchy-pistachio-cream-7-oz-scyavuru_mini_1_1.jpg"],vendor:[az],option_text_vendor:[aA],event_label:[eB],tech_masterdata_subcategory:[oC],net_weight:["7"],description:["\u003Cp\u003EThe \u003Cstrong\u003ECrunchy Pistachio Cream\u003C\u002Fstrong\u003E from Scyavuru is made with delicious Sicilian pistachios. A velvety cream enriched with crunchy pistachio bits, this spread is a must-have among the many Sicilian regional delicacies. \u003Cbr \u002F\u003E\r\nEnjoy Scyavuru's sweet pistachio cream as you would any nut butter, as a baking filling or use as a base for premium pistachio gelato.\u003C\u002Fp\u003E"],shop_by_category:[oD],option_text_shop_by_category:[cv],weight:[.98],special_price:[13.56],special_from_date:[hq],special_to_date:[oP],manufacturer:[567],option_text_manufacturer:["Scyavuru"],status:[e],option_text_status:[aB],tax_class_id:[fB],option_text_tax_class_id:["AVATAX_CODE_PF050300"],region_name:[le],option_text_region_name:[lf],unit_of_measurement:[cn],option_text_unit_of_measurement:[co],stock:{is_in_stock:b,qty:hS},attribute_set_name:bM,category_names:[r,h,Y,bR,cv,h,cO,hT,cv,h,aK,aK,be,bf,hW,cO,s,B,fz,Y,cv]},{entity_id:oQ,attribute_set_id:bI,type_id:Z,sku:"500214",has_options:a,required_options:a,created_at:"2023-02-09 16:19:55",updated_at:oR,row_id:oQ,created_in:L,updated_in:_,visibility:N,price:[{price:dm,original_price:K,is_discount:b,customer_group_id:i,tax_class_id:w,final_price:dm,min_price:dm,max_price:K},{price:dm,original_price:K,is_discount:b,customer_group_id:e,tax_class_id:w,final_price:dm,min_price:dm,max_price:K},{price:K,original_price:K,is_discount:a,customer_group_id:g,tax_class_id:w,final_price:K,min_price:K,max_price:K},{price:K,original_price:K,is_discount:a,customer_group_id:f,tax_class_id:w,final_price:K,min_price:K,max_price:K},{price:K,original_price:K,is_discount:a,customer_group_id:j,tax_class_id:w,final_price:K,min_price:K,max_price:K},{price:K,original_price:K,is_discount:a,customer_group_id:o,tax_class_id:w,final_price:K,min_price:K,max_price:K}],indexed_attributes:[$,aa,ab,aD,ac,ad,ae,af,ag,ah,ai,aj,aJ,ak,bF,al,aU,aV,aW,bK,bL,am,T,an,lg,cN,ao],category:[{category_id:g,is_virtual:d,category_uid:ap,path:aq,is_marketing:a,position_in_category:q},{category_id:f,is_virtual:d,name:r,category_uid:ar,path:as,is_marketing:a,position_in_category:q},{category_id:j,is_virtual:d,name:h,category_uid:at,path:au,is_marketing:a,position_in_category:10081},{category_id:aC,is_parent:b,is_virtual:d,name:Y,category_uid:cC,path:cD,is_marketing:a,position_in_category:dt},{category_id:dD,is_parent:b,is_virtual:d,position:cI,name:I,category_uid:d_,path:d$,is_marketing:a,position_in_category:cI},{category_id:lh,is_parent:b,is_virtual:d,name:hX,category_uid:oS,path:oT,is_marketing:a,position_in_category:eD},{category_id:aE,is_virtual:d,name:h,category_uid:aF,path:aG,is_marketing:a,position_in_category:gH},{category_id:li,is_parent:b,is_virtual:d,name:dG,category_uid:lj,path:lk,is_marketing:a,position_in_category:w},{category_id:aX,is_virtual:d,name:h,category_uid:aY,path:aZ,is_marketing:a,position_in_category:gH},{category_id:fh,is_parent:b,is_virtual:d,name:I,category_uid:fi,path:fj,is_marketing:a,position_in_category:bm},{category_id:eF,is_parent:b,is_virtual:d,name:aK,category_uid:eG,path:eH,is_marketing:a,position_in_category:iV},{category_id:df,is_parent:b,is_virtual:d,name:be,category_uid:dg,path:dh,is_marketing:a,position_in_category:e},{category_id:di,is_virtual:d,name:bf,category_uid:dj,path:dk,is_marketing:a,position_in_category:q},{category_id:ll,is_parent:b,is_virtual:d,name:hY,category_uid:oU,path:oV,is_marketing:a,position_in_category:f},{category_id:av,is_parent:b,is_virtual:d,name:s,category_uid:aw,path:ax,is_marketing:a,position_in_category:aS},{category_id:gD,is_parent:b,is_virtual:d,name:I,category_uid:gE,path:gF,is_marketing:a,position_in_category:hr},{category_id:a_,is_parent:b,is_virtual:d,name:B,category_uid:a$,path:ba,is_marketing:a,position_in_category:e},{category_id:dD,is_parent:b,is_virtual:d,name:I,category_uid:d_,path:d$,is_marketing:a,position_in_category:cI}],name:["Villa Magra Extra Virgin Olive Oil 16.9 oz"],meta_title:["Villa Magra Extra Virgin Olive Oil 16.9 oz - Frantoio Franci"],meta_description:["Buy high-quality Villa Magra Extra Virgin Olive Oil from Frantoi Franci on Eataly.com. Shop Italian Extra Virgin Olive Oil online!"],image:["\u002F5\u002F0\u002F500214-villa-magra-extra-virgin-olive-oil-16_9-oz-frantoio-franci_1_1.jpg"],small_image:["\u002F5\u002F0\u002F500214-villa-magra-extra-virgin-olive-oil-16_9-oz-frantoio-franci_small_1_1.jpg"],thumbnail:["\u002F5\u002F0\u002F500214-villa-magra-extra-virgin-olive-oil-16_9-oz-frantoio-franci_thumb_1_1.jpg"],url_key:["frantoio-franci-villa-magra-extra-virgin-olive-oil-16-9-oz"],country_of_manufacture:[ay],option_text_country_of_manufacture:[V],mini:["\u002F5\u002F0\u002F500214-villa-magra-extra-virgin-olive-oil-16_9-oz-frantoio-franci_mini_1_1.jpg"],vendor:[az],option_text_vendor:[aA],tech_masterdata_subcategory:[oW],net_weight:[oX],description:["\u003Cp\u003EThe \u003Cstrong\u003EVilla Magra Extra Virgin Olive Oil\u003C\u002Fstrong\u003E from Frantoio Franci is made with hand-picked Frantoio olives exclusively from the secular olive grove Villa Magra situated in the hills of Montenero D'Orcia. Villa Magra is one of the most awarded olive oils in the world.\nVilla Magra is green, decisive, pungent, aromatic, with well-defined bitters and spicy notes in excellent balance.\u003Cbr \u002F\u003E\nIt is perfect with Bread, soups, legumes, bread, bruschetta, pasta, grilled fish, and meat. Fresh cheese like mozzarella or soft cheese.\u003C\u002Fp\u003E"],shop_by_category:[lm],option_text_shop_by_category:[dG],weight:[3.1],special_price:[34.29],special_from_date:[kY],special_to_date:[kZ],news_from_date:["2021-12-31 00:00:00"],news_to_date:["2022-01-31 00:00:00"],manufacturer:[286],option_text_manufacturer:["Frantoio Franci"],status:[e],option_text_status:[aB],tax_class_id:[w],option_text_tax_class_id:[eU],olive_type:[1777],option_text_olive_type:["Blend"],region_name:[oi],option_text_region_name:[oj],unit_of_measurement:[jf],option_text_unit_of_measurement:[jg],stock:{is_in_stock:b,qty:Q},attribute_set_name:bM,category_names:[r,h,Y,I,hX,h,dG,h,I,aK,be,bf,hY,s,I,B,I]},{entity_id:oY,attribute_set_id:bI,type_id:Z,sku:"510610",has_options:a,required_options:a,created_at:"2023-02-09 16:23:39",updated_at:oR,row_id:oY,created_in:L,updated_in:_,visibility:N,price:[{price:dm,original_price:K,is_discount:b,customer_group_id:i,tax_class_id:w,final_price:dm,min_price:dm,max_price:K},{price:dm,original_price:K,is_discount:b,customer_group_id:e,tax_class_id:w,final_price:dm,min_price:dm,max_price:K},{price:K,original_price:K,is_discount:a,customer_group_id:g,tax_class_id:w,final_price:K,min_price:K,max_price:K},{price:K,original_price:K,is_discount:a,customer_group_id:f,tax_class_id:w,final_price:K,min_price:K,max_price:K},{price:K,original_price:K,is_discount:a,customer_group_id:j,tax_class_id:w,final_price:K,min_price:K,max_price:K},{price:K,original_price:K,is_discount:a,customer_group_id:o,tax_class_id:w,final_price:K,min_price:K,max_price:K}],indexed_attributes:[$,aa,ab,aD,ac,ad,ae,af,ag,ah,ai,aj,aJ,ak,bF,al,am,T,an,lg,cN,ao],category:[{category_id:g,is_virtual:d,category_uid:ap,path:aq,is_marketing:a,position_in_category:q},{category_id:f,is_virtual:d,name:r,category_uid:ar,path:as,is_marketing:a,position_in_category:q},{category_id:aC,is_parent:b,is_virtual:d,name:Y,category_uid:cC,path:cD,is_marketing:a,position_in_category:dt},{category_id:dD,is_parent:b,is_virtual:d,position:cS,name:I,category_uid:d_,path:d$,is_marketing:a,position_in_category:cS},{category_id:72,is_parent:b,is_virtual:d,name:ln,category_uid:"NzI=",path:"1\u002F2\u002F3\u002F69\u002F72",is_marketing:a,position_in_category:gm},{category_id:aE,is_virtual:d,name:h,category_uid:aF,path:aG,is_marketing:a,position_in_category:gH},{category_id:li,is_parent:b,is_virtual:d,name:dG,category_uid:lj,path:lk,is_marketing:a,position_in_category:lo},{category_id:aX,is_virtual:d,name:h,category_uid:aY,path:aZ,is_marketing:a,position_in_category:gH},{category_id:fh,is_parent:b,is_virtual:d,name:I,category_uid:fi,path:fj,is_marketing:a,position_in_category:bm},{category_id:av,is_parent:b,is_virtual:d,name:s,category_uid:aw,path:ax,is_marketing:a,position_in_category:aS},{category_id:gD,is_parent:b,is_virtual:d,name:I,category_uid:gE,path:gF,is_marketing:a,position_in_category:hr},{category_id:a_,is_parent:b,is_virtual:d,name:B,category_uid:a$,path:ba,is_marketing:a,position_in_category:e},{category_id:dD,is_parent:b,is_virtual:d,name:I,category_uid:d_,path:d$,is_marketing:a,position_in_category:cS}],name:["Riserva Tonda Iblea Extra Virgin Olive Oil 16.9 oz"],meta_title:["Riserva Tonda Iblea Extra Virgin Olive Oil 16.9 oz - Frantoi Cutrera"],meta_description:["Shop Riserva Tonda Iblea Extra Virgin Olive Oil from Frantoi Cutrera on Eataly.com. Buy high-quality Italian Extra Virgin Olive Oil and Condiments online!"],image:["\u002F5\u002F1\u002F510610-riserva-tonda-iblea-extra-virgin-olive-oil-16_9-oz-frantoi-cutrera_1_1.jpg"],small_image:["\u002F5\u002F1\u002F510610-riserva-tonda-iblea-extra-virgin-olive-oil-16_9-oz-frantoi-cutrera_small_1_1.jpg"],thumbnail:["\u002F5\u002F1\u002F510610-riserva-tonda-iblea-extra-virgin-olive-oil-16_9-oz-frantoi-cutrera_thumb_1_1.jpg"],url_key:["frantoi-cutrera-riserva-tonda-iblea-extra-virgin-olive-oil-16-9-oz"],country_of_manufacture:[ay],option_text_country_of_manufacture:[V],mini:["\u002F5\u002F1\u002F510610-riserva-tonda-iblea-extra-virgin-olive-oil-16_9-oz-frantoi-cutrera_mini_1_1.jpg"],vendor:[az],option_text_vendor:[aA],tech_masterdata_subcategory:[oW],net_weight:[oX],description:["\u003Cp\u003EThe \u003Cb\u003ERiserva Tonda Iblea Extra Virgin Olive Oil\u003C\u002Fb\u003E from Frantoio Cutrera is made exclusively from old Tonda Iblea plants in hilly south-facing land in the area of Monti Iblei. The olives are hand-picked from the 1st to the 15th of October. The olives are cold pressed and give life to a green-colored oil, slightly cloudy due to natural decantation.\u003Cbr \u002F\u003E\nThe aroma is fresh, fruity, and very intense with notes of pronounced green tomato and aromatic fresh herbs.\u003Cbr \u002F\u003E\nOn the palate is elegant, full-bodied with lasting notes of herbs, and has hints of fresh tomato typical of Tonda Iblea variety with a light spiciness.\u003C\u002Fp\u003E"],shop_by_category:[lm],option_text_shop_by_category:[dG],weight:[1.06],manufacturer:[285],option_text_manufacturer:["Frantoi Cutrera"],status:[e],option_text_status:[aB],tax_class_id:[w],option_text_tax_class_id:[eU],olive_type:[2035],option_text_olive_type:["Tonda Iblea"],region_name:[le],option_text_region_name:[lf],unit_of_measurement:[jf],option_text_unit_of_measurement:[jg],stock:{is_in_stock:b,qty:g},attribute_set_name:bM,category_names:[r,Y,I,ln,h,dG,h,I,s,I,B,I]},{entity_id:oZ,attribute_set_id:bI,type_id:Z,sku:"507540",has_options:a,required_options:a,created_at:"2015-05-06 00:20:10",updated_at:"2025-11-24 14:54:08",row_id:oZ,created_in:L,updated_in:_,visibility:N,price:[{price:gI,original_price:gJ,is_discount:b,customer_group_id:i,tax_class_id:w,final_price:gI,min_price:gI,max_price:bZ},{price:gI,original_price:gJ,is_discount:b,customer_group_id:e,tax_class_id:w,final_price:gI,min_price:gI,max_price:bZ},{price:bZ,original_price:gJ,is_discount:b,customer_group_id:g,tax_class_id:w,final_price:bZ,min_price:bZ,max_price:bZ},{price:bZ,original_price:gJ,is_discount:b,customer_group_id:f,tax_class_id:w,final_price:bZ,min_price:bZ,max_price:bZ},{price:bZ,original_price:gJ,is_discount:b,customer_group_id:j,tax_class_id:w,final_price:bZ,min_price:bZ,max_price:bZ},{price:bZ,original_price:gJ,is_discount:b,customer_group_id:o,tax_class_id:w,final_price:bZ,min_price:bZ,max_price:bZ}],indexed_attributes:[$,aa,ab,aD,ac,ad,ae,af,ag,ah,ai,aj,aJ,ak,o_,bF,al,aU,aV,aW,am,T,an,cN,ao],category:[{category_id:g,is_virtual:d,category_uid:ap,path:aq,is_marketing:a,position_in_category:q},{category_id:f,is_virtual:d,name:r,category_uid:ar,path:as,is_marketing:a,position_in_category:q},{category_id:j,is_parent:b,is_virtual:d,position:fq,name:h,category_uid:at,path:au,is_marketing:a,position_in_category:fq},{category_id:aC,is_parent:b,is_virtual:d,position:bc,name:Y,category_uid:cC,path:cD,is_marketing:a,position_in_category:bc},{category_id:dD,is_virtual:d,name:I,category_uid:d_,path:d$,is_marketing:a,position_in_category:10039},{category_id:ol,is_parent:b,is_virtual:d,name:eS,category_uid:om,path:on,is_marketing:a,position_in_category:aS},{category_id:oH,is_parent:b,is_virtual:d,name:hV,category_uid:oI,path:oJ,is_marketing:a,position_in_category:162},{category_id:134,is_parent:b,is_virtual:d,name:o$,category_uid:"MTM0",path:"1\u002F2\u002F133\u002F134",is_marketing:a,position_in_category:e},{category_id:aE,is_virtual:d,name:h,category_uid:aF,path:aG,is_marketing:a,position_in_category:gH},{category_id:aX,is_virtual:d,name:h,category_uid:aY,path:aZ,is_marketing:a,position_in_category:gH},{category_id:fh,is_parent:b,is_virtual:d,name:I,category_uid:fi,path:fj,is_marketing:a,position_in_category:bm},{category_id:eF,is_parent:b,is_virtual:d,name:aK,category_uid:eG,path:eH,is_marketing:a,position_in_category:lh},{category_id:av,is_parent:b,is_virtual:d,name:s,category_uid:aw,path:ax,is_marketing:a,position_in_category:aS},{category_id:gD,is_parent:b,is_virtual:d,name:I,category_uid:gE,path:gF,is_marketing:a,position_in_category:hr},{category_id:a_,is_parent:b,is_virtual:d,name:B,category_uid:a$,path:ba,is_marketing:a,position_in_category:e},{category_id:j,is_parent:b,is_virtual:d,name:h,category_uid:at,path:au,is_marketing:a,position_in_category:fq},{category_id:aC,is_parent:b,is_virtual:d,name:Y,category_uid:cC,path:cD,is_marketing:a,position_in_category:bc},{category_id:124,is_virtual:nA,position:j,name:lp,category_uid:"MTI0",path:"1\u002F2\u002F122\u002F124",is_marketing:a,position_in_category:jR}],name:["Aceto Modena Balsamic Vinegar of Modena IGP 'Nero' 8.5 oz"],meta_title:[" Aceto Modena Balsamic Vinegar of Modena IGP 'Nero' 8.5 oz - Acetomodena"],meta_description:["Buy high-qualty Italian Aceto Modena Balsamic Vinegar of Modena IGP &apos;Nero&apos; from Acetomodena on Eataly.com. Buy Italian condiments online!"],image:["\u002F5\u002F0\u002F507540-aceto-modena-balsamic-vinegar-of-modena-igp-_nero_-8_45-oz-acetomodena_1.jpg"],small_image:["\u002F5\u002F0\u002F507540-aceto-modena-balsamic-vinegar-of-modena-igp-_nero_-8_45-oz-acetomodena_small_1.jpg"],thumbnail:["\u002F5\u002F0\u002F507540-aceto-modena-balsamic-vinegar-of-modena-igp-_nero_-8_45-oz-acetomodena_thumb_1.jpg"],url_key:["acetomodena-aceto-modena-balsamic-vinegar-of-modena-igp-nero-8-5-oz"],country_of_manufacture:[ay],option_text_country_of_manufacture:[V],mini:["\u002F5\u002F0\u002F507540-aceto-modena-balsamic-vinegar-of-modena-igp-_nero_-8_45-oz-acetomodena_mini_1.jpg"],vendor:[az],option_text_vendor:[aA],tech_masterdata_subcategory:[iW],net_weight:[pa],description:["\u003Cp\u003EThe \u003Cb\u003E'Goccia Nera' Balsamic Vinegar of Modena IGP\u003C\u002Fb\u003E from Aceto Modena has an intense bouquet and a well-balanced sweet-bitter flavor. The density is medium-light.\r\n'Goccia Nera' Balsamic Vinegar of Modena IGP is made with full respect of the antique Emilia Romagna tradition.\u003Cbr \u002F\u003E\r\nIt is perfect with white meat, boiled vegetables, marinades and roast meats.\u003Cbr \u002F\u003E\r\n\u003Cb\u003EDensity:\u003C\u002Fb\u003E medium-light.\u003C\u002Fp\u003E"],flavor:["Intense bouquet, sweetbitter and well balanced."],shop_by_category:[oo],option_text_shop_by_category:[eS],weight:[.84],special_price:[bZ],special_from_date:["2025-11-24 00:00:00"],special_to_date:["2025-12-31 00:00:00"],manufacturer:[1904],option_text_manufacturer:["Acetomodena"],status:[e],option_text_status:[aB],tax_class_id:[w],option_text_tax_class_id:[eU],region_name:[2000],option_text_region_name:["Emilia Romagna"],unit_of_measurement:[jf],option_text_unit_of_measurement:[jg],stock:{is_in_stock:b,qty:bc},attribute_set_name:bM,category_names:[r,h,Y,I,eS,hV,o$,h,h,I,aK,s,I,B,h,Y,lp]},{entity_id:pb,attribute_set_id:bI,type_id:Z,sku:"507634",has_options:a,required_options:a,created_at:"2015-05-06 00:20:26",updated_at:i_,row_id:pb,created_in:L,updated_in:_,visibility:N,price:[{price:S,original_price:S,is_discount:a,customer_group_id:i,tax_class_id:w,final_price:S,min_price:S,max_price:S},{price:S,original_price:S,is_discount:a,customer_group_id:e,tax_class_id:w,final_price:S,min_price:S,max_price:S},{price:S,original_price:S,is_discount:a,customer_group_id:g,tax_class_id:w,final_price:S,min_price:S,max_price:S},{price:S,original_price:S,is_discount:a,customer_group_id:f,tax_class_id:w,final_price:S,min_price:S,max_price:S},{price:S,original_price:S,is_discount:a,customer_group_id:j,tax_class_id:w,final_price:S,min_price:S,max_price:S},{price:S,original_price:S,is_discount:a,customer_group_id:o,tax_class_id:w,final_price:S,min_price:S,max_price:S}],indexed_attributes:[$,aa,ab,aD,ac,ad,ae,af,ag,ah,ai,eb,aj,aJ,ak,bF,al,aU,aV,aW,am,T,an,cN,ao],category:[{category_id:g,is_virtual:d,category_uid:ap,path:aq,is_marketing:a,position_in_category:lq},{category_id:f,is_virtual:d,name:r,category_uid:ar,path:as,is_marketing:a,position_in_category:lq},{category_id:aC,is_parent:b,is_virtual:d,position:aH,name:Y,category_uid:cC,path:cD,is_marketing:a,position_in_category:aH},{category_id:bH,is_parent:b,is_virtual:d,position:hZ,name:ce,category_uid:es,path:et,is_marketing:a,position_in_category:hZ},{category_id:jb,is_parent:b,is_virtual:d,position:Q,name:ei,category_uid:jc,path:jd,is_marketing:a,position_in_category:Q},{category_id:aE,is_virtual:d,name:h,category_uid:aF,path:aG,is_marketing:a,position_in_category:pc},{category_id:385,is_virtual:d,name:lr,category_uid:"Mzg1",path:"1\u002F2\u002F143\u002F385",is_marketing:a,position_in_category:pc},{category_id:386,is_parent:b,is_virtual:d,name:gK,category_uid:"Mzg2",path:"1\u002F2\u002F143\u002F385\u002F386",is_marketing:a,position_in_category:U},{category_id:aC,is_parent:b,is_virtual:d,name:Y,category_uid:cC,path:cD,is_marketing:a,position_in_category:aH},{category_id:bH,is_parent:b,is_virtual:d,name:ce,category_uid:es,path:et,is_marketing:a,position_in_category:hZ},{category_id:jb,is_parent:b,is_virtual:d,name:ei,category_uid:jc,path:jd,is_marketing:a,position_in_category:Q}],name:["Porcini Mushroom and White Truffle Sauce 6.3 oz"],meta_title:["Porcini Mushroom and White Truffle Sauce 6.3 oz - Urbani"],meta_description:["Urbani&apos;s decadent sauce combines prized porcini mushrooms with pungent white truffles from Italy for a creamy and decadent dish."],image:["\u002F5\u002F0\u002F507634-A_1.jpg"],small_image:["\u002F5\u002F0\u002F507634-A_small_1.jpg"],thumbnail:["\u002F5\u002F0\u002F507634-A_thumb_1.jpg"],url_key:["urbani-porcini-mushroom-and-white-truffle-sauce-6-3-oz"],country_of_manufacture:[ay],option_text_country_of_manufacture:[V],mini:["\u002F5\u002F0\u002F507634-A_mini_1.jpg"],vendor:[az],option_text_vendor:[aA],event_label:[eB],tech_masterdata_subcategory:[pd],net_weight:["6.3"],description:["\u003Cp\u003EWhite Truffles are indigenous to Alba in the northwestern region of Piemonte and are even more rare than black truffles because they are only available once per year, in the late fall. This sauce combines prized porcini mushrooms with pungent white truffles for a creamy and decadent accompaniment to Eataly egg pasta.\u003C\u002Fbr\u003E\r\nFor a traditional Italian dish, pair with bruschetta, egg pasta, or grilled steak.\u003C\u002Fp\u003E"],shop_by_category:[oN],option_text_shop_by_category:[ld],weight:[.36],special_price:[8.99],special_from_date:["2025-01-03 00:00:00"],special_to_date:["2025-02-02 00:00:00"],manufacturer:[619],option_text_manufacturer:[pe],status:[e],option_text_status:[aB],tax_class_id:[w],option_text_tax_class_id:[eU],region_name:[nB],option_text_region_name:[nC],unit_of_measurement:[cn],option_text_unit_of_measurement:[co],stock:{is_in_stock:b,qty:bm},attribute_set_name:bM,category_names:[r,Y,ce,ei,h,lr,gK,Y,ce,ei]},{entity_id:pf,attribute_set_id:kF,type_id:Z,sku:"508716",has_options:a,required_options:a,created_at:"2015-05-05 20:21:33",updated_at:"2025-10-31 15:25:55",row_id:pf,created_in:L,updated_in:_,visibility:N,price:[{price:aP,original_price:aP,is_discount:a,customer_group_id:i,tax_class_id:U,final_price:aP,min_price:aP,max_price:aP},{price:aP,original_price:aP,is_discount:a,customer_group_id:e,tax_class_id:U,final_price:aP,min_price:aP,max_price:aP},{price:aP,original_price:aP,is_discount:a,customer_group_id:g,tax_class_id:U,final_price:aP,min_price:aP,max_price:aP},{price:aP,original_price:aP,is_discount:a,customer_group_id:f,tax_class_id:U,final_price:aP,min_price:aP,max_price:aP},{price:aP,original_price:aP,is_discount:a,customer_group_id:j,tax_class_id:U,final_price:aP,min_price:aP,max_price:aP},{price:aP,original_price:aP,is_discount:a,customer_group_id:o,tax_class_id:U,final_price:aP,min_price:aP,max_price:aP}],indexed_attributes:[$,aa,ab,aD,ac,ad,ae,af,ag,ah,ai,aj,ak,pg,ph,al,aU,aV,aW,bK,bL,am,T,an,pi,ao],category:[{category_id:g,is_virtual:d,category_uid:ap,path:aq,is_marketing:a,position_in_category:q},{category_id:f,is_virtual:d,name:r,category_uid:ar,path:as,is_marketing:a,position_in_category:q},{category_id:aC,is_parent:b,is_virtual:d,position:fo,name:Y,category_uid:cC,path:cD,is_marketing:a,position_in_category:fo},{category_id:dF,is_parent:b,is_virtual:d,name:pj,category_uid:"MzY=",path:"1\u002F2\u002F3\u002F36",is_marketing:a,position_in_category:102},{category_id:gc,is_parent:b,is_virtual:d,position:hI,name:gL,category_uid:pk,path:pl,is_marketing:a,position_in_category:hI},{category_id:aS,is_parent:b,is_virtual:d,position:je,name:gM,category_uid:pm,path:pn,is_marketing:a,position_in_category:je},{category_id:kH,is_virtual:d,name:gx,category_uid:nY,path:nZ,is_marketing:a,position_in_category:m$},{category_id:lo,is_parent:b,is_virtual:d,name:h_,category_uid:po,path:pp,is_marketing:a,position_in_category:101},{category_id:aE,is_virtual:d,name:h,category_uid:aF,path:aG,is_marketing:a,position_in_category:q},{category_id:148,is_parent:b,is_virtual:d,name:dC,category_uid:"MTQ4",path:"1\u002F2\u002F143\u002F368\u002F148",is_marketing:a,position_in_category:e},{category_id:kM,is_parent:b,is_virtual:d,name:fy,category_uid:kN,path:kO,is_marketing:a,position_in_category:90},{category_id:350,is_parent:b,is_virtual:d,name:ls,category_uid:"MzUw",path:"1\u002F2\u002F3\u002F38\u002F350",is_marketing:a,position_in_category:e},{category_id:aX,is_virtual:d,name:h,category_uid:aY,path:aZ,is_marketing:a,position_in_category:q},{category_id:df,is_parent:b,is_virtual:d,name:be,category_uid:dg,path:dh,is_marketing:a,position_in_category:e},{category_id:418,is_parent:b,is_virtual:d,name:jh,category_uid:"NDE4",path:"1\u002F2\u002F3\u002F41\u002F418",is_marketing:a,position_in_category:g},{category_id:di,is_virtual:d,name:bf,category_uid:dj,path:dk,is_marketing:a,position_in_category:q},{category_id:422,is_parent:b,is_virtual:d,name:lt,category_uid:"NDIy",path:"1\u002F2\u002F3\u002F419\u002F422",is_marketing:a,position_in_category:e},{category_id:aC,is_parent:b,is_virtual:d,name:Y,category_uid:cC,path:cD,is_marketing:a,position_in_category:fo},{category_id:gc,is_parent:b,is_virtual:d,name:gL,category_uid:pk,path:pl,is_marketing:a,position_in_category:hI},{category_id:aS,is_parent:b,is_virtual:d,name:gM,category_uid:pm,path:pn,is_marketing:a,position_in_category:je}],name:["Moka Alessi Espresso Coffee Maker - 3 Cup"],meta_title:["Moka Alessi Espresso Coffee Maker - 3 Cup - Alessi"],meta_description:["Buy the Moka Alessi Espresso Coffee Maker - 3 Cup by Alessi on Eataly.com. Shop high-quality Italian housewares online!"],image:["\u002F5\u002F0\u002F508716-moka-alessi-espresso-coffee-maker---3-cup-alessi_1.jpg"],small_image:["\u002F5\u002F0\u002F508716-moka-alessi-espresso-coffee-maker---3-cup-alessi_small_1.jpg"],thumbnail:["\u002F5\u002F0\u002F508716-moka-alessi-espresso-coffee-maker---3-cup-alessi_thumb_1.jpg"],url_key:["alessi-moka-alessi-espresso-coffee-maker-3-cup"],country_of_manufacture:[ay],option_text_country_of_manufacture:[V],mini:["\u002F5\u002F0\u002F508716-moka-alessi-espresso-coffee-maker---3-cup-alessi_mini_1.jpg"],vendor:[az],option_text_vendor:[aA],tech_masterdata_subcategory:["COOFEE TOOLS"],description:["\u003Cp\u003EA successful remake of the traditional Italian Moka, the \u003Cb\u003EMoka Alessi Espresso Coffee Maker\u003C\u002Fb\u003E by Alessi, is a round espresso coffee maker in aluminum casting, with a black handle and knob in thermoplastic resin. Designed by Architect and Compasso d'Oro prize winner Alessandro Mendini, this Moka is Alessi's eulogy to the classic Italian stovetop espresso maker.\u003Cbr \u002F\u003E\r\nThis three-cup pot is perfect for an espresso with friends. \u003C\u002Fp\u003E"],dimensions:["6.46 in H x 3.78 in diameter"],material:["Moka in aluminum casting, handle and knob in thermoplastic resin"],weight:[e],special_price:[55.49],special_from_date:[kY],special_to_date:[kZ],news_from_date:["2021-07-18 00:00:00"],news_to_date:["2021-08-07 00:00:00"],manufacturer:[iI],option_text_manufacturer:["Alessi"],status:[e],option_text_status:[aB],tax_class_id:[U],option_text_tax_class_id:["AVATAX_CODE_P0000000"],color:[1932],option_text_color:["Silver"],unit_of_measurement:[dA],option_text_unit_of_measurement:[dB],stock:{is_in_stock:b,qty:159},attribute_set_name:oc,category_names:[r,Y,pj,gL,gM,gx,h_,h,dC,fy,ls,h,be,jh,bf,lt,Y,gL,gM]},{entity_id:pq,attribute_set_id:bI,type_id:Z,sku:"510272",has_options:a,required_options:a,created_at:"2015-05-05 20:22:42",updated_at:"2025-08-06 14:47:13",row_id:pq,created_in:L,updated_in:_,visibility:N,price:[{price:gN,original_price:bv,is_discount:b,customer_group_id:i,tax_class_id:w,final_price:gN,min_price:gN,max_price:bv},{price:gN,original_price:bv,is_discount:b,customer_group_id:e,tax_class_id:w,final_price:gN,min_price:gN,max_price:bv},{price:bv,original_price:bv,is_discount:a,customer_group_id:g,tax_class_id:w,final_price:bv,min_price:bv,max_price:bv},{price:bv,original_price:bv,is_discount:a,customer_group_id:f,tax_class_id:w,final_price:bv,min_price:bv,max_price:bv},{price:bv,original_price:bv,is_discount:a,customer_group_id:j,tax_class_id:w,final_price:bv,min_price:bv,max_price:bv},{price:bv,original_price:bv,is_discount:a,customer_group_id:o,tax_class_id:w,final_price:bv,min_price:bv,max_price:bv}],indexed_attributes:[$,aa,ab,aD,ac,ad,ae,af,ag,ah,ai,aj,aJ,ak,dN,bF,al,aU,aV,aW,am,T,an,lg,cN,ao],category:[{category_id:g,is_virtual:d,category_uid:ap,path:aq,is_marketing:a,position_in_category:q},{category_id:f,is_virtual:d,name:r,category_uid:ar,path:as,is_marketing:a,position_in_category:q},{category_id:j,is_parent:b,is_virtual:d,name:h,category_uid:at,path:au,is_marketing:a,position_in_category:cI},{category_id:bc,is_parent:b,is_virtual:d,name:cr,category_uid:en,path:eo,is_marketing:a,position_in_category:e},{category_id:U,is_parent:b,is_virtual:d,name:R,category_uid:ep,path:eq,is_marketing:a,position_in_category:e},{category_id:aC,is_parent:b,is_virtual:d,name:Y,category_uid:cC,path:cD,is_marketing:a,position_in_category:dt},{category_id:dD,is_parent:b,is_virtual:d,name:I,category_uid:d_,path:d$,is_marketing:a,position_in_category:68},{category_id:lh,is_parent:b,is_virtual:d,name:hX,category_uid:oS,path:oT,is_marketing:a,position_in_category:pr},{category_id:kJ,is_parent:b,is_virtual:d,name:gz,category_uid:kK,path:kL,is_marketing:a,position_in_category:oG},{category_id:aE,is_virtual:d,name:h,category_uid:aF,path:aG,is_marketing:a,position_in_category:q},{category_id:kM,is_parent:b,is_virtual:d,name:fy,category_uid:kN,path:kO,is_marketing:a,position_in_category:84},{category_id:327,is_parent:b,is_virtual:d,name:lu,category_uid:"MzI3",path:"1\u002F2\u002F142\u002F327",is_marketing:a,position_in_category:bc},{category_id:hz,is_parent:b,is_virtual:d,name:dq,category_uid:hA,path:hB,is_marketing:a,position_in_category:e},{category_id:li,is_parent:b,is_virtual:d,name:dG,category_uid:lj,path:lk,is_marketing:a,position_in_category:gc},{category_id:aX,is_virtual:d,name:h,category_uid:aY,path:aZ,is_marketing:a,position_in_category:q},{category_id:hC,is_parent:b,is_virtual:d,name:dr,category_uid:hD,path:hE,is_marketing:a,position_in_category:e},{category_id:dR,is_parent:b,is_virtual:d,name:R,category_uid:dS,path:dT,is_marketing:a,position_in_category:bU},{category_id:fh,is_parent:b,is_virtual:d,name:I,category_uid:fi,path:fj,is_marketing:a,position_in_category:bm},{category_id:eF,is_parent:b,is_virtual:d,name:aK,category_uid:eG,path:eH,is_marketing:a,position_in_category:hZ},{category_id:df,is_parent:b,is_virtual:d,name:be,category_uid:dg,path:dh,is_marketing:a,position_in_category:e},{category_id:di,is_virtual:d,name:bf,category_uid:dj,path:dk,is_marketing:a,position_in_category:q},{category_id:ll,is_parent:b,is_virtual:d,name:hY,category_uid:oU,path:oV,is_marketing:a,position_in_category:Q},{category_id:av,is_parent:b,is_virtual:d,name:s,category_uid:aw,path:ax,is_marketing:a,position_in_category:aS},{category_id:gD,is_parent:b,is_virtual:d,name:I,category_uid:gE,path:gF,is_marketing:a,position_in_category:hr},{category_id:a_,is_parent:b,is_virtual:d,name:B,category_uid:a$,path:ba,is_marketing:a,position_in_category:e}],name:["Extra Virgin Olive Oil in Ceramic Bottle"],meta_title:["Extra Virgin Olive Oil in Ceramic Bottle 8.5 oz - Olis Geraci"],meta_description:["Buy high-quality Extra Virgin Olive Oil in a Ceramic Bottle from Olis Geraci on Eataly.com. Shop Italian olive oil online!"],image:["\u002F5\u002F1\u002F510272-A_1.jpg"],small_image:["\u002F5\u002F1\u002F510272-A_small_1.jpg"],thumbnail:["\u002F5\u002F1\u002F510272-A_thumb_1.jpg"],url_key:["olis-geraci-extra-virgin-olive-oil-in-ceramic-bottle-8-5-oz"],country_of_manufacture:[ay],option_text_country_of_manufacture:[V],mini:["\u002F5\u002F1\u002F510272-A_mini_1.jpg"],vendor:[az],option_text_vendor:[aA],tech_masterdata_subcategory:[ps],net_weight:[pa],description:["\u003Cp\u003EThe \u003Cstrong\u003ENocellara del Belice Extra Virgin Olive Oil in Ceramic Bottle\u003C\u002Fstrong\u003E from Olis Geraci combines two Sicilian traditions in one: Nocellara olive oil and the art of ceramics. This beautiful Mediterranean-style ceramic bottle is entirely handmade, and each bottle is a unique piece with different decorations.\u003Cbr \u002F\u003E\r\nThe olive oil is made exclusively from a carefully handpicked selection of Nocellara olives that grow in the Olis Geraci olive groves in the Belice Valley in Sicilia. The color is green with golden reflections. The aroma has an intense fruitiness with hints of grass, artichoke and tomato leaves. On the palate, this extra virgin olive oil is well-balanced with an intense spiciness and soft bitterness.\u003Cbr \u002F\u003E\r\nIt is perfect with fresh cheeses, bread, salads, on meat or fish, vegetables and soups..\u003C\u002Fp\u003E"],product_notes:["\u003Cp\u003E\u003Cb\u003ENota bene:\u003C\u002Fb\u003E The Extra Virgin Olive Oil in Ceramic Bottle from Olis Geraci comes in different packaging. The packaging may vary based on your order.\u003C\u002Fp\u003E"],shop_by_category:[lm],option_text_shop_by_category:[dG],weight:[1.04],special_price:[44.62],special_from_date:["2025-05-06 00:00:00"],special_to_date:["2025-05-07 00:00:00"],manufacturer:[476],option_text_manufacturer:["Olis Geraci"],status:[e],option_text_status:[aB],tax_class_id:[w],option_text_tax_class_id:[eU],olive_type:[1771],option_text_olive_type:["Nocellara del Belice"],region_name:[le],option_text_region_name:[lf],unit_of_measurement:[jf],option_text_unit_of_measurement:[jg],stock:{is_in_stock:b,qty:f},attribute_set_name:bM,category_names:[r,h,cr,R,Y,I,hX,gz,h,fy,lu,dq,dG,h,dr,R,I,aK,be,bf,hY,s,I,B]},{entity_id:pt,attribute_set_id:bI,type_id:Z,sku:"512057",has_options:a,required_options:a,created_at:"2015-05-06 00:24:22",updated_at:i_,row_id:pt,created_in:L,updated_in:_,visibility:N,price:[{price:gO,original_price:bw,is_discount:b,customer_group_id:i,tax_class_id:w,final_price:gO,min_price:gO,max_price:bw},{price:gO,original_price:bw,is_discount:b,customer_group_id:e,tax_class_id:w,final_price:gO,min_price:gO,max_price:bw},{price:bw,original_price:bw,is_discount:a,customer_group_id:g,tax_class_id:w,final_price:bw,min_price:bw,max_price:bw},{price:bw,original_price:bw,is_discount:a,customer_group_id:f,tax_class_id:w,final_price:bw,min_price:bw,max_price:bw},{price:bw,original_price:bw,is_discount:a,customer_group_id:j,tax_class_id:w,final_price:bw,min_price:bw,max_price:bw},{price:bw,original_price:bw,is_discount:a,customer_group_id:o,tax_class_id:w,final_price:bw,min_price:bw,max_price:bw}],indexed_attributes:[$,aa,ab,aD,ac,ad,ae,af,ag,ah,ai,eb,aj,aJ,ak,i$,bF,al,am,T,an,pu,cN,ao],category:[{category_id:g,is_virtual:d,category_uid:ap,path:aq,is_marketing:a,position_in_category:q},{category_id:f,is_virtual:d,name:r,category_uid:ar,path:as,is_marketing:a,position_in_category:q},{category_id:j,is_virtual:d,name:h,category_uid:at,path:au,is_marketing:a,position_in_category:oe},{category_id:cd,is_virtual:d,name:cB,category_uid:iT,path:iU,is_marketing:a,position_in_category:nr},{category_id:aC,is_parent:b,is_virtual:d,name:Y,category_uid:cC,path:cD,is_marketing:a,position_in_category:dt},{category_id:aE,is_virtual:d,name:h,category_uid:aF,path:aG,is_marketing:a,position_in_category:q},{category_id:gA,is_parent:b,is_virtual:d,position:gm,name:c_,category_uid:gB,path:gC,is_marketing:a,position_in_category:gm},{category_id:aX,is_virtual:d,name:h,category_uid:aY,path:aZ,is_marketing:a,position_in_category:q},{category_id:iJ,is_parent:b,is_virtual:d,name:bJ,category_uid:iK,path:iL,is_marketing:a,position_in_category:e},{category_id:fY,is_parent:b,is_virtual:d,name:aK,category_uid:fZ,path:f_,is_marketing:a,position_in_category:e},{category_id:gg,is_parent:b,is_virtual:d,name:bJ,category_uid:gh,path:gi,is_marketing:a,position_in_category:aC},{category_id:df,is_parent:b,is_virtual:d,name:be,category_uid:dg,path:dh,is_marketing:a,position_in_category:e},{category_id:di,is_virtual:d,name:bf,category_uid:dj,path:dk,is_marketing:a,position_in_category:q},{category_id:la,is_parent:b,is_virtual:d,name:fA,category_uid:lb,path:lc,is_marketing:a,position_in_category:e},{category_id:av,is_parent:b,is_virtual:d,name:s,category_uid:aw,path:ax,is_marketing:a,position_in_category:aS},{category_id:h$,is_parent:b,is_virtual:d,position:bU,name:ej,category_uid:ji,path:jj,is_marketing:a,position_in_category:bU},{category_id:a_,is_parent:b,is_virtual:d,name:B,category_uid:a$,path:ba,is_marketing:a,position_in_category:e},{category_id:gA,is_parent:b,is_virtual:d,name:c_,category_uid:gB,path:gC,is_marketing:a,position_in_category:gm},{category_id:h$,is_parent:b,is_virtual:d,name:ej,category_uid:ji,path:jj,is_marketing:a,position_in_category:bU}],name:["100% Italian Grain Penne Rigate 17.6 oz"],meta_title:["100% Italian Grain Penne Rigate 17.6 oz - Afeltra"],meta_description:["Buy high-quality 100% Italian Grain Penne Rigate from Afeltra on Eataly.com. Shop Italian Pasta online!"],image:["\u002F5\u002F1\u002F512057-100_-italian-grain-penne-rigate-17_6oz-afeltra_1.jpg"],small_image:["\u002F5\u002F1\u002F512057-100_-italian-grain-penne-rigate-17_6oz-afeltra_small_1.jpg"],thumbnail:["\u002F5\u002F1\u002F512057-100_-italian-grain-penne-rigate-17_6oz-afeltra_thumb_1.jpg"],url_key:["afeltra-100-italian-grain-penne-rigate-17-6-oz"],country_of_manufacture:[ay],option_text_country_of_manufacture:[V],mini:["\u002F5\u002F1\u002F512057-100_-italian-grain-penne-rigate-17_6oz-afeltra_mini_1.jpg"],vendor:[az],option_text_vendor:[aA],event_label:[eB],tech_masterdata_subcategory:[kQ],net_weight:[og],description:["\u003Cp\u003E\u003Cstrong\u003EPenne Rigate\u003C\u002Fstrong\u003E from Afeltra are made with 100% Italian Durum Wheat Semolina mixed with water from Gragnano. Afeltra only uses traditional bronze extruding machines, giving the artisanal pasta a rough texture with many pores which help to better absorb the pasta sauce when finishing the dish. Afeltra Penne Rigate are also slowly dried at a low temperature for up to 48 hours which helps the protein structure in the pasta stay strong allowing for a better al dente texture! \u003Cbr \u002F\u003E \nPenne Rigate are one of Italy's most popular cuts. Penne Rigate has a wider tube than the original Penne but Rigate with ridges on the outside. \u003Cbr \u002F\u003E \nIt pairs perfectly with vegetable sauces, or tomato-based sauce like the puttanesca sauce, or pesto. The shape is also good for making pasta salad.\u003C\u002Fp\u003E"],directions:[pv],shop_by_category:[kR],option_text_shop_by_category:[cB],weight:[.88],manufacturer:[pw],option_text_manufacturer:[lv],status:[e],option_text_status:[aB],tax_class_id:[w],option_text_tax_class_id:[eU],cooking_time:[1889],option_text_cooking_time:["13-14 minutes"],region_name:[px],option_text_region_name:[py],unit_of_measurement:[cn],option_text_unit_of_measurement:[co],stock:{is_in_stock:b,qty:nF},attribute_set_name:bM,category_names:[r,h,cB,Y,h,c_,h,bJ,aK,bJ,be,bf,fA,s,ej,B,c_,ej]},{entity_id:pz,attribute_set_id:bI,type_id:Z,sku:"512068",has_options:a,required_options:a,created_at:"2015-05-06 04:24:34",updated_at:"2025-09-30 21:41:05",row_id:pz,created_in:L,updated_in:_,visibility:N,price:[{price:gP,original_price:bx,is_discount:b,customer_group_id:i,tax_class_id:w,final_price:gP,min_price:gP,max_price:bx},{price:gP,original_price:bx,is_discount:b,customer_group_id:e,tax_class_id:w,final_price:gP,min_price:gP,max_price:bx},{price:bx,original_price:bx,is_discount:a,customer_group_id:g,tax_class_id:w,final_price:bx,min_price:bx,max_price:bx},{price:bx,original_price:bx,is_discount:a,customer_group_id:f,tax_class_id:w,final_price:bx,min_price:bx,max_price:bx},{price:bx,original_price:bx,is_discount:a,customer_group_id:j,tax_class_id:w,final_price:bx,min_price:bx,max_price:bx},{price:bx,original_price:bx,is_discount:a,customer_group_id:o,tax_class_id:w,final_price:bx,min_price:bx,max_price:bx}],indexed_attributes:[$,aa,ab,aD,ac,ad,ae,af,ag,ah,ai,eb,aj,aJ,ak,i$,bF,al,aU,aV,aW,am,T,an,pu,cN,ao],category:[{category_id:g,is_virtual:d,category_uid:ap,path:aq,is_marketing:a,position_in_category:q},{category_id:f,is_virtual:d,name:r,category_uid:ar,path:as,is_marketing:a,position_in_category:q},{category_id:j,is_virtual:d,name:h,category_uid:at,path:au,is_marketing:a,position_in_category:lq},{category_id:cd,is_parent:b,is_virtual:d,position:bU,name:cB,category_uid:iT,path:iU,is_marketing:a,position_in_category:bU},{category_id:aC,is_parent:b,is_virtual:d,name:Y,category_uid:cC,path:cD,is_marketing:a,position_in_category:dt},{category_id:lo,is_parent:b,is_virtual:d,name:h_,category_uid:po,path:pp,is_marketing:a,position_in_category:cd},{category_id:aE,is_virtual:d,name:h,category_uid:aF,path:aG,is_marketing:a,position_in_category:q},{category_id:gA,is_parent:b,is_virtual:d,position:eD,name:c_,category_uid:gB,path:gC,is_marketing:a,position_in_category:eD},{category_id:aX,is_virtual:d,name:h,category_uid:aY,path:aZ,is_marketing:a,position_in_category:q},{category_id:iJ,is_parent:b,is_virtual:d,name:bJ,category_uid:iK,path:iL,is_marketing:a,position_in_category:e},{category_id:fY,is_parent:b,is_virtual:d,name:aK,category_uid:fZ,path:f_,is_marketing:a,position_in_category:e},{category_id:gg,is_parent:b,is_virtual:d,position:aH,name:bJ,category_uid:gh,path:gi,is_marketing:a,position_in_category:aH},{category_id:eF,is_parent:b,is_virtual:d,name:aK,category_uid:eG,path:eH,is_marketing:a,position_in_category:kH},{category_id:df,is_parent:b,is_virtual:d,name:be,category_uid:dg,path:dh,is_marketing:a,position_in_category:e},{category_id:di,is_virtual:d,name:bf,category_uid:dj,path:dk,is_marketing:a,position_in_category:q},{category_id:la,is_parent:b,is_virtual:d,name:fA,category_uid:lb,path:lc,is_marketing:a,position_in_category:e},{category_id:av,is_parent:b,is_virtual:d,name:s,category_uid:aw,path:ax,is_marketing:a,position_in_category:aS},{category_id:h$,is_parent:b,is_virtual:d,position:cJ,name:ej,category_uid:ji,path:jj,is_marketing:a,position_in_category:cJ},{category_id:a_,is_parent:b,is_virtual:d,name:B,category_uid:a$,path:ba,is_marketing:a,position_in_category:e},{category_id:cd,is_parent:b,is_virtual:d,name:cB,category_uid:iT,path:iU,is_marketing:a,position_in_category:bU},{category_id:gA,is_parent:b,is_virtual:d,name:c_,category_uid:gB,path:gC,is_marketing:a,position_in_category:eD},{category_id:gg,is_parent:b,is_virtual:d,name:bJ,category_uid:gh,path:gi,is_marketing:a,position_in_category:aH},{category_id:h$,is_parent:b,is_virtual:d,name:ej,category_uid:ji,path:jj,is_marketing:a,position_in_category:cJ}],name:["100% Italian Grain Rigatoni 35.3 oz"],meta_title:["100% Italian Grain Rigatoni 35.3 oz - Afeltra"],meta_description:["Buy high-quality 100% Italian Grain Rigatoni from Afeltra on Eataly.com. Shop Italian Pasta online!"],image:["\u002F5\u002F1\u002F512068-100_-italian-grain-rigatoni-35_3-oz-afeltra_1.jpg"],small_image:["\u002F5\u002F1\u002F512068-100_-italian-grain-rigatoni-35_3-oz-afeltra_small_1.jpg"],thumbnail:["\u002F5\u002F1\u002F512068-100_-italian-grain-rigatoni-35_3-oz-afeltra_thumb_1.jpg"],url_key:["afeltra-100-italian-grain-rigatoni-35-3-oz"],country_of_manufacture:[ay],option_text_country_of_manufacture:[V],mini:["\u002F5\u002F1\u002F512068-100_-italian-grain-rigatoni-35_3-oz-afeltra_mini_1.jpg"],vendor:[az],option_text_vendor:[aA],event_label:[eB],tech_masterdata_subcategory:[kQ],net_weight:["35.3"],description:["\u003Cp\u003E\u003Cstrong\u003ERigatoni\u003C\u002Fstrong\u003E from Afeltra are made with 100% Italian Durum Wheat Semolina mixed with water from Gragnano. Afeltra only uses traditional bronze extruding machines, giving the artisanal pasta a rough texture with many pores which help to better absorb the pasta sauce when finishing the dish. Afeltra Rigatoni are also slowly dried at a low temperature for up to 48 hours which helps the protein structure in the pasta stay strong allowing for a better al dente texture! \u003Cbr \u002F\u003E \nRigatoni are wide, thick tubes with wide ridges. It is one of the most popular shapes in Rome.\u003Cbr \u002F\u003E \nRigatoni are traditionally served with Amatriciana Tomato Sauce, cacio e pepe sauce or arrabbiata sauce. \u003C\u002Fp\u003E"],directions:[pv],shop_by_category:[kR],option_text_shop_by_category:[cB],weight:[f],special_price:[9.53],special_from_date:[hq],special_to_date:[oP],manufacturer:[pw],option_text_manufacturer:[lv],status:[e],option_text_status:[aB],tax_class_id:[w],option_text_tax_class_id:[eU],cooking_time:[1765],option_text_cooking_time:["12-13 minutes"],region_name:[px],option_text_region_name:[py],unit_of_measurement:[cn],option_text_unit_of_measurement:[co],stock:{is_in_stock:b,qty:fk},attribute_set_name:bM,category_names:[r,h,cB,Y,h_,h,c_,h,bJ,aK,bJ,aK,be,bf,fA,s,ej,B,cB,c_,bJ,ej]}],maxSlidePerView:j,carouselStyle:c,colors:{white:iM,lightgrey:iN},isServerSideRendered:b,uniqueSelector:"carousel-cms-product-cards-204687-11"},"data-v-6dc99146:0":{articles:[{article:{custom_uid:pA,document_name:lw,image:{},publication_date:c,title:[{type:u,text:lw,spans:[]}],type:c,event_date:c,event_date_finish:c,references:[{section:{id:eV,type:cE,tags:[c$],lang:m,slug:eW,first_publication_date:eX,last_publication_date:eY,data:{custom_uid:eZ},link_type:k,key:"c218567d-f528-46e9-9812-76107d812440",isBroken:a}}],body:[{primary:{title:[],title_align:C,text:[{type:x,text:pB,spans:[]},{type:x,text:"The biggest holiday of the year in Italy is Christmas. It is a religious holiday, yes, but also a time for family to come together. As a popular Italian proverb dictates, Natale con i tuoi e Pasqua con chi vuoi, or, Spend Christmas with your family and Easter with whomever you like. Surrounded by relatives, Christmas Eve dinner and Christmas Day lunch are marked by big meals with traditional Italian Christmas food and dishes that Italians eagerly await all year.",spans:[{start:171,end:213,type:du},{start:218,end:287,type:du}]},{type:x,text:"Dont forget that there is no such thing as \"Italian food,\" though! Instead, each of Italys 20 regions boasts unique culinary traditions that draw on its terrain and readily-available ingredients  even at this time of year. So, while most American families holiday tables are centered around ham or roasts, there is no one particular dish on every single Italian Christmas table; the only common trait is the joy in a very festive shared meal with family and friends.",spans:[]}],text_align:C,cta_link:{link_type:D},cta_link_track_adform:c,cta_link_track_ga:c,cta_link_target_blank:a,cta_label:c,cta_look:aQ,cta_align:C},items:[{}],id:"article_paragraph$2e3f9109-2732-4599-9d33-9f5b7d8e07cf",slice_type:dH,slice_label:c},{primary:{image_desktop:{dimensions:{width:pC,height:1125},alt:c,copyright:c,url:"https:\u002F\u002Fimages.prismic.io\u002Feataly-us\u002Fa81a63e3-5d19-422d-840c-7441fec0f9d3_Holiday_instudio_Truffle_Tagliatelle.jpg?auto=compress,format",id:jk,edit:{x:i,y:i,zoom:e,background:aT},preview:{dimensions:{width:fC,height:fD},alt:c,copyright:c,url:"https:\u002F\u002Fimages.prismic.io\u002Feataly-us\u002Fa81a63e3-5d19-422d-840c-7441fec0f9d3_Holiday_instudio_Truffle_Tagliatelle.jpg?auto=compress,format&rect=0,319,900,487&w=665&h=360",id:jk,edit:{x:i,y:-236,zoom:pD,background:aT}}},image_mobile:{preview:{}},image_align:C,link:{link_type:D},link_track_adform:c,link_track_ga:c,link_target_blank:a},items:[{}],id:"image_no_ratio$180e46b3-47ea-4554-bf1f-5222b5e2e8f1",slice_type:fE,slice_label:c},{primary:{title:[{type:H,text:"FROM THE NORTH",spans:[]}],title_align:C,text:[{type:x,text:"Northern Italian cuisine traditionally tends to be rich and hearty, due in part to the terrains fertile soil; the influence of neighboring France, Switzerland, Austria, and Slovenia; and the cooler climate caused by the Alps. Instead of dry pasta, northern Italian regions use eggs to cook with fresh pasta; instead of extra virgin olive oil, many northern recipes call for butter. This is reflected in the regions traditional holiday dishes. In fact, the rich and delicious panettone you have learned to love is from Lombardia, while pandoro originated in Veneto.",spans:[]}],text_align:C,cta_link:{link_type:D},cta_link_track_adform:c,cta_link_track_ga:c,cta_link_target_blank:a,cta_label:c,cta_look:aQ,cta_align:C},items:[{}],id:"article_paragraph$49293278-d92a-4316-b7d2-73d2ec5367ff",slice_type:dH,slice_label:c},{primary:{title:[{type:H,text:"THROUGH THE CENTER",spans:[]}],title_align:C,text:[{type:x,text:"Celebrated for its cucina povera, or poor cooking, the cuisine of central Italy developed based on rustic ingredients that were cheap and readily available, like fresh produce, stale bread, and beef from the nearby grazing cattle. Today, these ingredients remain evident in celebrated cuisine of regions like Toscana and Lazio. Made with toasted bread (a great way to use day-old loaves!) and chicken liver pate, crostini di fegatini remain a holiday favorite in Tuscany; when in Rome on Christmas, you will probably enjoy a lasagna, followed by a meat course, like lamb allo scottadito.",spans:[]}],text_align:C,cta_link:{link_type:D},cta_link_track_adform:c,cta_link_track_ga:c,cta_link_target_blank:a,cta_label:c,cta_look:aQ,cta_align:C},items:[{}],id:"article_paragraph$6cff99f5-79f9-4d18-bf42-b32b99593b54",slice_type:dH,slice_label:c},{primary:{title:[{type:H,text:"TO DOWN SOUTH!",spans:[]}],title_align:C,text:[{type:x,text:"With a warmer, drier climate, southern Italy boasts a cuisine celebrated for a range of flavor and texture with traditional recipes founded on simple, local products, from seafood to peperoncini. Known as the origin of the Feast of the Seven Fishes tradition on Christmas Eve, southern Italian regions continue to feast on Christmas Day. Grilled eel is a popular holiday dish in this region; for dessert, it is hard to ignore the buccellati, large round biscuits filled with almonds, pistachios, and dried fruit.",spans:[]}],text_align:C,cta_link:{link_type:D},cta_link_track_adform:c,cta_link_track_ga:c,cta_link_target_blank:a,cta_label:c,cta_look:aQ,cta_align:C},items:[{}],id:"article_paragraph$818ebbd5-6b97-44aa-8227-3edc9a50279e",slice_type:dH,slice_label:c},{primary:{title:[],title_align:C,text:[{type:x,text:"Buone Feste   e buon appetito! Celebrate your holiday like an Italian and shop your local Eataly or online for traditional Italian Christmas food like panettone, pandoro, and more.",spans:[{start:i,end:iS,type:du},{start:75,end:nD,type:ia,data:{id:by,type:bz,tags:[bA],lang:m,slug:bB,first_publication_date:bC,last_publication_date:bD,data:{custom_uid:bk},link_type:k,isBroken:a}}]}],text_align:C,cta_link:{link_type:D},cta_link_track_adform:c,cta_link_track_ga:c,cta_link_target_blank:a,cta_label:c,cta_look:aQ,cta_align:C},items:[{}],id:"article_paragraph$1113a63c-256b-4289-a8b9-cdecd3301978",slice_type:dH,slice_label:c},{primary:{title:[],text:[],carousel:b,carousel_product_per_slide:g,link:{link_type:D},link_track_adform:c,link_track_ga:c,link_target_blank:a,link_label:c,background_color:gQ,exclude_out_of_stock_products:b,category_field:{entity_id:dI,path:"holiday-market"},products_per_carousel:Q,order_products_as_events:a},items:[{is_featured:a,product:c,description_featured_product:[],label_featured_product:[],background_color_for_label:c}],id:"product_cards$2eab5de0-47d4-4376-93ba-dbcdd3942424",slice_type:ib,slice_label:c},{primary:{image_desktop:{dimensions:{width:2100,height:v},alt:c,copyright:c,url:"https:\u002F\u002Fimages.prismic.io\u002Feataly-us\u002FaIzRT6Tt2nPbZqBL_ENA_2025_ICE_LogoLockup_July2025-01.png?auto=format,compress",id:pE,edit:{x:i,y:i,zoom:e,background:M},preview:{dimensions:{width:fC,height:fD},alt:c,copyright:c,url:"https:\u002F\u002Fimages.prismic.io\u002Feataly-us\u002FaIzRT6Tt2nPbZqBL_ENA_2025_ICE_LogoLockup_July2025-01.png?auto=format,compress&rect=773,0,554,300&w=665&h=360",id:pE,edit:{x:773,y:i,zoom:e,background:M}}},image_mobile:{preview:{}},image_align:C,link:{link_type:D},link_track_adform:c,link_track_ga:c,link_target_blank:a},items:[],id:"image_no_ratio$3b6ca316-ce52-48ff-b59c-c24676a8b26a",slice_type:fE,slice_label:c}],author_name:[],author_description:[],author_image:{},first_level:{id:b_,type:b$,tags:[],lang:m,slug:ca,first_publication_date:cb,last_publication_date:cc,data:{custom_uid:cP},link_type:k,key:pF,isBroken:a},second_level:{id:eV,type:cE,tags:[c$],lang:m,slug:eW,first_publication_date:eX,last_publication_date:eY,data:{custom_uid:eZ},link_type:k,key:pG,isBroken:a},third_level:{link_type:k},preview_title:[{type:H,text:"Italian Christmas Food & Traditions",spans:[],direction:n}],preview_image:{dimensions:{width:lx,height:ly},alt:c,copyright:c,url:"https:\u002F\u002Fimages.prismic.io\u002Feataly-us\u002Fa81a63e3-5d19-422d-840c-7441fec0f9d3_Holiday_instudio_Truffle_Tagliatelle.jpg?auto=compress,format&rect=0,583,900,486&w=485&h=262",id:jk,edit:{x:i,y:-314,zoom:.5388888888888889,background:aT},featured:{dimensions:{width:lz,height:lA},alt:c,copyright:c,url:"https:\u002F\u002Fimages.prismic.io\u002Feataly-us\u002Fa81a63e3-5d19-422d-840c-7441fec0f9d3_Holiday_instudio_Truffle_Tagliatelle.jpg?auto=compress,format&rect=0,319,900,486&w=581&h=314",id:jk,edit:{x:i,y:-206,zoom:.6455555555555555,background:aT}}},preview_text:[{type:x,text:"Each of Italys regions boasts unique culinary traditions that draw on its terrain and readily-available ingredients  even at this time of year.",spans:[],direction:n}],meta_title:lw,meta_description:pB,meta_robots:jl},layout:c,uid:dJ},{article:{custom_uid:pH,document_name:pI,image:{},publication_date:c,title:[{type:u,text:pI,spans:[]}],type:c,event_date:c,event_date_finish:c,references:[{section:{id:ic,type:e_,tags:[],lang:m,slug:ek,first_publication_date:id,last_publication_date:ie,data:{custom_uid:ek},link_type:k,key:"00c7dd7a-7c23-47d3-95c2-d1c30337c027",isBroken:a}},{section:{id:lB,type:e_,tags:[],lang:m,slug:lC,first_publication_date:lD,last_publication_date:lE,data:{custom_uid:lF},link_type:k,key:"592de727-dd5c-4654-b755-596b1bf78c04",isBroken:a}},{section:{id:lG,type:cE,tags:[c$],lang:m,slug:lH,first_publication_date:lI,last_publication_date:lJ,data:{custom_uid:lK},link_type:k,key:"d7fe7ee9-f6d0-4c8c-bb82-9f62dfe97bc4",isBroken:a}},{section:{id:"ZzzUiRkAAE4Ava3a",type:cE,tags:[],lang:m,slug:"italian-regions-piemonte",first_publication_date:"2024-11-19T18:16:45+0000",last_publication_date:"2024-11-19T20:35:09+0000",data:{custom_uid:"piemonte"},link_type:k,key:"d21e3ace-10c8-43be-b843-f2503f472f07",isBroken:a}}],body:[{primary:{title:[],title_align:C,text:[{type:x,text:"In Piemonte, a northern region at the foot of the Italian Alps, winterisn't complete withoutvin brul.Spiced and steaming, the mulled wine is a staple ofoutdoorChristmas markets, where shoppers brave the cold for festive gifts, and cozy dinner parties alike.",spans:[{start:94,end:or,type:du},{start:pJ,end:182,type:ia,data:{id:"Y-5IQRIAAC8ATXcl",type:gR,tags:[],lang:m,slug:"top-10-christmas-markets-in-italy",first_publication_date:"2023-02-16T15:14:12+0000",last_publication_date:"2025-10-23T18:21:26+0000",data:{custom_uid:"italian-christmas-markets"},link_type:k,isBroken:a}}]},{type:x,text:"In the name of the new year(okay, and dropping temperatures), we asked our beverage experts for their warming recipe. You can follow it to a T, but feel free to get creative and add spices to taste  the \"recipe\" is even more traditional that way!",spans:[]}],text_align:C,cta_link:{link_type:D},cta_link_track_adform:c,cta_link_track_ga:c,cta_link_target_blank:a,cta_label:c,cta_look:aQ,cta_align:C},items:[{}],id:"article_paragraph$2008902b-81da-4c24-b0c2-60846259450e",slice_type:dH,slice_label:c},{primary:{image_desktop:{dimensions:{width:pK,height:lL},alt:if0,copyright:c,url:"https:\u002F\u002Fimages.prismic.io\u002Feataly-us\u002F4d758eb0-f5e7-4247-aec0-61e8bca5cda9_eataly-vin-brule-festive-decor-scarf.jpg?auto=compress,format",id:pL,edit:{x:i,y:i,zoom:e,background:aT},preview:{dimensions:{width:fC,height:fD},alt:if0,copyright:c,url:"https:\u002F\u002Fimages.prismic.io\u002Feataly-us\u002F4d758eb0-f5e7-4247-aec0-61e8bca5cda9_eataly-vin-brule-festive-decor-scarf.jpg?auto=compress,format&rect=0,47,750,406&w=665&h=360",id:pL,edit:{x:i,y:lM,zoom:pM,background:aT}}},image_mobile:{preview:{}},image_align:C,link:{link_type:D},link_track_adform:c,link_track_ga:c,link_target_blank:a},items:[{}],id:"image_no_ratio$adca874b-f9aa-487f-b315-eeddf15b54fb",slice_type:fE,slice_label:c},{primary:{difficulty:"easy",doses_for:bm,preparation_time:hZ,cooking_time:c},items:[{}],id:"recipe_details$a0072efb-341e-4535-bfb5-808e4134671f",slice_type:"recipe_details",slice_label:c},{primary:{title:[{type:H,text:"VinBrul(Mulled Wine)",spans:[]}],text_column_left:[{type:x,text:"1(750-milliliter) bottle wine (preferably Barbera or other less-tannicred)\n1 orange\n1 lemon\n1-2 anise stars\n2 sticks cinnamon",spans:[{start:g,end:eT,type:ia,data:{link_type:E,url:jm}}]}],text_column_right:[{type:x,text:"2 cloves\n2 cardamom seeds\n1 cup sugar\n6 ounces Vecchia Romagna Brandy",spans:[]}]},items:[{}],id:"recipe_ingredients$6bbf64a9-da9c-4e0d-891e-dc26039c9bf6",slice_type:"recipe_ingredients",slice_label:c},{primary:{title:[]},items:[{image:{},text:[{type:x,text:"Rinse the orange and lemon, and then removetherinds, leaving the white inner peel. Place the fruit aside (or enjoy as a mid-mulling snack).",spans:[]}]},{image:{},text:[{type:x,text:"Combine the citrus rinds with all other ingredients except brandy in a large pot, and heat, stirring with a wooden spoon. Just before the wine reaches boiling point (200F), remove from the heat.",spans:[]}]},{image:{},text:[{type:x,text:"Let the wine infuse, covered and off the heat, for at least 20 minutes, and then stir in the brandy. Strain, and serve. Pro tip: add a twist of orange or lemon wedge to your glass for a festive garnish!",spans:[]}]}],id:"list$9df177c7-04d6-4d30-bc82-dd8588f11e6a",slice_type:"list",slice_label:c},{primary:{image_desktop:{dimensions:{width:pK,height:lL},alt:"Mulled wine with orange peel",copyright:c,url:"https:\u002F\u002Fimages.prismic.io\u002Feataly-us\u002F4cfe60ef-c31a-4329-80f0-e7c290b9789c_vin-brule-mulled-wine.jpg?auto=compress,format",id:jn,edit:{x:i,y:i,zoom:e,background:aT},preview:{dimensions:{width:fC,height:fD},alt:if0,copyright:c,url:"https:\u002F\u002Fimages.prismic.io\u002Feataly-us\u002F4cfe60ef-c31a-4329-80f0-e7c290b9789c_vin-brule-mulled-wine.jpg?auto=compress,format&rect=0,47,750,406&w=665&h=360",id:jn,edit:{x:i,y:lM,zoom:pM,background:aT}}},image_mobile:{preview:{}},image_align:C,link:{link_type:D},link_track_adform:c,link_track_ga:c,link_target_blank:a},items:[{}],id:"image_no_ratio$64811c29-fc0a-4a6c-b1f4-07f2e7d4c9d0",slice_type:fE,slice_label:c}],author_name:[],author_description:[],author_image:{},first_level:{id:b_,type:b$,tags:[],lang:m,slug:ca,first_publication_date:cb,last_publication_date:cc,data:{custom_uid:cP},link_type:k,key:pN,isBroken:a},second_level:{id:ic,type:e_,tags:[],lang:m,slug:ek,first_publication_date:id,last_publication_date:ie,data:{custom_uid:ek},link_type:k,key:pO,isBroken:a},third_level:{id:lB,type:e_,tags:[],lang:m,slug:lC,first_publication_date:lD,last_publication_date:lE,data:{custom_uid:lF},link_type:k,key:pP,isBroken:a},preview_title:[{type:H,text:"Vin Brul Recipe",spans:[],direction:n}],preview_image:{dimensions:{width:lx,height:ly},alt:if0,copyright:c,url:"https:\u002F\u002Fimages.prismic.io\u002Feataly-us\u002F4cfe60ef-c31a-4329-80f0-e7c290b9789c_vin-brule-mulled-wine.jpg?auto=compress,format&rect=0,48,750,405&w=485&h=262",id:jn,edit:{x:i,y:-31,zoom:.6466666666666666,background:aT},featured:{dimensions:{width:lz,height:lA},alt:if0,copyright:c,url:"https:\u002F\u002Fimages.prismic.io\u002Feataly-us\u002F4cfe60ef-c31a-4329-80f0-e7c290b9789c_vin-brule-mulled-wine.jpg?auto=compress,format&rect=0,48,750,405&w=581&h=314",id:jn,edit:{x:i,y:-37,zoom:.7746666666666666,background:aT}}},preview_text:[{type:x,text:"Spiced and steaming, mulled wine is a staple ofoutdoorChristmas markets, where shoppers brave the cold for festive gifts, and cozy dinner parties alike.",spans:[],direction:n}],meta_title:"Mulled Wine Recipe: Vin Brul",meta_description:"How to make a perfect mulled wine? Visit Eataly.com and get the recipe for Italian vin brul.",meta_robots:jl},layout:c,uid:dJ},{article:{custom_uid:pQ,document_name:c,image:{},publication_date:c,title:[{type:u,text:"Italian New Year's Eve Traditions ",spans:[]}],type:c,event_date:c,event_date_finish:c,references:[{section:{id:"Y45PxRIAACkAw5pM",type:cE,tags:[],lang:m,slug:"how-to-celebrate-entertaining-guides",first_publication_date:"2022-12-05T20:08:55+0000",last_publication_date:"2024-11-19T19:53:42+0000",data:{custom_uid:"how-to-celebrate"},link_type:k,key:"893ee79c-b6ef-4c2e-9027-61c5874aa596",isBroken:a}},{section:{id:lG,type:cE,tags:[c$],lang:m,slug:lH,first_publication_date:lI,last_publication_date:lJ,data:{custom_uid:lK},link_type:k,key:"529a4630-5d86-4775-9700-19618b56542f",isBroken:a}},{section:{id:eV,type:cE,tags:[c$],lang:m,slug:eW,first_publication_date:eX,last_publication_date:eY,data:{custom_uid:eZ},link_type:k,key:"89843a62-1607-4d4f-9f0f-ec9947e235ac",isBroken:a}}],body:[{primary:{title:[],title_align:C,text:[{type:x,text:"On December 31, cultures across the world celebrate the arrival of il capodanno, the New Year. In Italy  a country that already loves festivals  it is especially auspicious for correspondingwith the feast day of Pope San Silvestro. Explore the rich traditions, then join us at Eataly for more celebrations! ",spans:[{start:nz,end:w,type:du}]}],text_align:C,cta_link:{link_type:D},cta_link_track_adform:c,cta_link_track_ga:c,cta_link_target_blank:a,cta_label:c,cta_look:aQ,cta_align:C},items:[{}],id:"article_paragraph$81e8eeef-7336-4499-b12c-99116b0a4501",slice_type:dH,slice_label:c},{primary:{image_desktop:{dimensions:{width:pC,height:600},alt:pR,copyright:c,url:"https:\u002F\u002Fimages.prismic.io\u002Feataly-us\u002Ffbb30f25-8808-405f-8bff-505aabda2ae1_eataly-calvisius-caviar-tins-party-like-an-italian-1-1.jpg?auto=compress,format",id:pS,edit:{x:i,y:i,zoom:e,background:aT},preview:{dimensions:{width:fC,height:fD},alt:pR,copyright:c,url:"https:\u002F\u002Fimages.prismic.io\u002Feataly-us\u002Ffbb30f25-8808-405f-8bff-505aabda2ae1_eataly-calvisius-caviar-tins-party-like-an-italian-1-1.jpg?auto=compress,format&rect=0,57,900,487&w=665&h=360",id:pS,edit:{x:i,y:lM,zoom:pD,background:aT}}},image_mobile:{preview:{}},image_align:C,link:{link_type:D},link_track_adform:c,link_track_ga:c,link_target_blank:a},items:[{}],id:"image_no_ratio$ae5005e7-5d06-4507-bddd-79beef972b02",slice_type:fE,slice_label:c},{primary:{title:[{type:H,text:"SAN SILVESTRO",spans:[]}],title_align:C,text:[{type:x,text:"San Silvestro, called Saint Sylvester in English, died on December 31, 335 C.E.  Today, he is a mysterious figure  not much was recorded of his papacy  and tales of his reign include baptizing Roman Emperor Constantine, curing leprosy, and slaying a dragon. The legendary pope is accordingly celebrated with a legendary night of fireworks every year.",spans:[]}],text_align:C,cta_link:{link_type:D},cta_link_track_adform:c,cta_link_track_ga:c,cta_link_target_blank:a,cta_label:c,cta_look:aQ,cta_align:C},items:[{}],id:"article_paragraph$b9ce1568-6486-4389-aa66-5403ff93cc3b",slice_type:dH,slice_label:c},{primary:{title:[{type:H,text:"FESTIVITIES",spans:[]}],title_align:C,text:[{type:x,text:"While not an official public holiday in Italy, December 31 is widely celebrated across the 20 regions. City centers are crowded with the combined revelries of La Festa di San Silvestro and New Years Eve, which include fireworks, concerts, festivals, dancing, bonfires, and  our favorite  feasts. In parts of southern Italy, tradition still dictates that the locals throw their old things out of the window to symbolize their readiness to accept the New Year.",spans:[]}],text_align:C,cta_link:{link_type:D},cta_link_track_adform:c,cta_link_track_ga:c,cta_link_target_blank:a,cta_label:c,cta_look:aQ,cta_align:C},items:[{}],id:"article_paragraph$3d56011e-b965-423c-8bac-99cb6f337bc5",slice_type:dH,slice_label:c},{primary:{title:[{type:H,text:"FEASTS",spans:[]}],title_align:C,text:[{type:x,text:"Unsurprisingly, food and drink feature strongly into the celebrations. Pork represents richness of life, and lentils symbolize wealth and money. Superstition dictates that the coming year will bring prosperity if these dishes are enjoyed on New Years Eve. Accordingly, dinner often highlights the traditional cotechino con lenticchie, a sausage-and-lentil dish that promises coming riches. As always, an Italian sparkling wine is a must-have to begin and conclude the meal and toast the year to come. And, of course, you can always up the ante and go for sustainable caviar to say salute to the new year in style!",spans:[{start:pT,end:pU,type:du},{start:pT,end:pU,type:ia,data:{id:"Y-0NrhIAAC8AR_u6",type:gR,tags:[],lang:m,slug:"cotechino-con-lenticchie-cotechino-sausage-with-lentils",first_publication_date:pV,last_publication_date:pV,data:{custom_uid:"cotechino-con-lenticchie"},link_type:k,isBroken:a}}],direction:n},{type:x,text:"Buon Capodanno! Find your local Eataly, and join our New Year's Eve celebrations!",spans:[{start:i,end:aC,type:du},{start:i,end:iV,type:"strong"},{start:oE,end:gc,type:ia,data:{id:by,type:bz,tags:[bA],lang:m,slug:bB,first_publication_date:bC,last_publication_date:bD,data:{custom_uid:bk},link_type:k,isBroken:a}}],direction:n}],text_align:C,cta_link:{link_type:D},cta_link_track_adform:c,cta_link_track_ga:c,cta_link_target_blank:a,cta_label:c,cta_look:aQ,cta_align:C},items:[{}],id:"article_paragraph$c6c432b8-736d-4cdd-9d66-83933d5994bf",slice_type:dH,slice_label:c}],author_name:[],author_description:[],author_image:{},first_level:{id:b_,type:b$,tags:[],lang:m,slug:ca,first_publication_date:cb,last_publication_date:cc,data:{custom_uid:cP},link_type:k,key:pW,isBroken:a},second_level:{id:eV,type:cE,tags:[c$],lang:m,slug:eW,first_publication_date:eX,last_publication_date:eY,data:{custom_uid:eZ},link_type:k,key:pX,isBroken:a},third_level:{link_type:k},preview_title:[{type:H,text:pY,spans:[]}],preview_image:{dimensions:{width:lx,height:ly},alt:c,copyright:c,url:"https:\u002F\u002Fimages.prismic.io\u002Feataly-us\u002F1754747a-8b69-4e39-bea9-369b1a5ed2c3_wine-celebration.jpeg?auto=format,compress&rect=0,364,5760,3112&w=485&h=262",id:pZ,edit:{x:i,y:hM,zoom:e,background:M},featured:{dimensions:{width:lz,height:lA},alt:c,copyright:c,url:"https:\u002F\u002Fimages.prismic.io\u002Feataly-us\u002F1754747a-8b69-4e39-bea9-369b1a5ed2c3_wine-celebration.jpeg?auto=format,compress&rect=0,364,5760,3113&w=581&h=314",id:pZ,edit:{x:i,y:hM,zoom:e,background:M}}},preview_text:[{type:x,text:"Did someone say throwing things out a window?",spans:[],direction:n}],meta_title:pY,meta_description:"While not an official public holiday in Italy, December 31 is widely celebrated across the 20 regions.",meta_robots:jl},layout:c,uid:dJ}],maxItems:aC,uniqueSelector:"carousel-cms-magazine-204688"},"data-v-7bede2cb:0":{}},error:c,state:{productionEnv:b,requestHost:"no-cache.eataly.com",realtimeDateIso:"2025-12-05T22:41:00+00:00",breadcrumbs:{breadcrumbs:[]},cache:{modules:{}},cart:{guestCartId:c,cart:{items:[]},itemsInformation:[],cartTotalsInformation:c,rawCartValidateResponse:c,itemsUpdateInProgress:[],cartUpdatePendingCounter:i,containGift:a,giftOptionsClient:a,giftOptionsUnsetInProgress:a,freeShippingThreshold:135,confirmEmptyDialogVisible:a,minimumAmountReached:c,minimumAmountErrorMessageText:c,minimumAmountErrorMessageHtml:c,minimumAmountValidationInProgress:a,showReplacementOptions:a,localStoredOptions:{}},catalog:{category:{},pageRestoreLastPath:c,pageRestoreNavigatedProduct:c,pageRestoreLowestPage:c,eatalyCardRechargeProducts:c},checkout:{pendingActionsCounter:i,updateCheckoutRequired:a,backButtonFeatureEnabled:b,cartModalVisible:a,countdownVisible:a,countdownAmount:i,countdownExpiredModalVisible:a,address:{wantBilling:a,availableCountries:[],eu:{},us:{isShippingAddressServerInvalid:c}},giftOptions:{candidateGroceryGiftObject:c,candidateVirtualGiftItems:[],giftMessageInsideImage:c,giftMessageOutsideImage:c,giftWrappingImage:c},payments:{customerBalance:c,loyaltyTotalRedeemableAmount:c,loyaltyCartRedeemableAmount:c,associatedEatalyCards:[],appliedEatalyCardsInfo:{},addedEatalyCards:[],encryptedCardData:{},redirectData:c,returnFromRedirect:a,threeDS2Data:c,sdkData:c,paypalData:{saveToProfile:a,paypalEncryptedData:{}},applePayData:{applePayEncryptedData:{}},orderId:c,adyenPaymentMethods:c,magentoPaymentInformation:c,availablePaymentMethods:c,storedPaymentMethods:c,selectedPaymentMethodType:c,selectedStoredPaymentMethodPublicHash:c,selectedStoredPaymentMethodStateData:c,selectedPaymentMethodOnMagento:c,isPaymentMethodsValid:a,paymentMethodsStepRecap:c},shipping:{availableShippingMethods:[],selectedShippingMethod:c,contentWasVisibleOnce:a,eu:{instaleap:{rates:c,baseShippingAmount:c,selectedDate:c,selectedTimeFrom:c,selectedTimeTo:c},milkman:{rates:c,baseShippingAmount:c,selectedDate:c,selectedTimeFrom:c,selectedTimeTo:c},pickupInStore:{selectedPickupInStoreDate:c,selectedPickupInStoreTime:c}},us:{dropShipVendors:[],dropShipDummyMethod:c}},splashPage:{currentVisibleForm:c},stepManager:{excludeShipping:c,steps:c},summary:{purchaseConsent:a}},customer:{socialLoginUserData:{firstName:X,lastName:X,username:X},socialLoginType:X,registrationEmail:c,addresses:{shippingAddresses:[]},eu:{},newsletter:{lastNewsletterEmail:c,us:{}},orders:{orders:[],recentOrders:[],productImages:{},esProductRecord:{},currentPage:e,ordersTotalCount:c},paymentMethods:{customerBalance:c,storedPaymentMethods:[],eatalyCards:[]}},eatinerari:{sessionState:c,currentStep:c,summary:{}},eventbrite:{fetchedOrganization:c,eventbriteId:c,eventsList:c,currentSort:{sortOrder:"asc"},eventDetails:c,eventbriteApiError:c},footer:{footer:{certificazione_biologica_text:[],social_label:c,social_links:[{social_name:c,social_link:{link_type:D},social_link_track_adform:c,social_link_track_ga:c,social_link_target_blank:b},{social_name:c,social_link:{link_type:D},social_link_track_adform:c,social_link_track_ga:c,social_link_target_blank:b}],columns:[[{primary:{title:[{type:H,text:"ONLINE SHOPPING",spans:[]}],title_document_link:{link_type:D},title_document_link_track_adform:c,title_document_link_track_ga:c,title_category_link:{entity_id:aR,path:p_},title_link_to_target_blank:a},items:[{section_link:{link_type:D},section_link_track_adform:c,section_link_track_ga:c,category_link:{entity_id:N,path:p$},link_label:h,link_to_target_blank:a},{section_link:{link_type:D},section_link_track_adform:c,section_link_track_ga:c,category_link:{entity_id:lN,path:lO},link_label:Y,link_to_target_blank:a},{section_link:{link_type:D},section_link_track_adform:c,section_link_track_ga:c,category_link:{entity_id:e$,path:"nationwide-shipping\u002Fextra-virgin-olive-oil"},link_label:I,link_to_target_blank:a},{section_link:{link_type:D},section_link_track_adform:c,section_link_track_ga:c,category_link:{entity_id:cF,path:qa},link_label:ce,link_to_target_blank:a},{section_link:{link_type:D},section_link_track_adform:c,section_link_track_ga:c,category_link:{entity_id:fa,path:qb},link_label:cB,link_to_target_blank:a},{section_link:{link_type:D},section_link_track_adform:c,section_link_track_ga:c,category_link:{entity_id:dn,path:qc},link_label:bR,link_to_target_blank:a},{section_link:{link_type:D},section_link_track_adform:c,section_link_track_ga:c,category_link:{entity_id:cH,path:qd},link_label:gL,link_to_target_blank:a},{section_link:{link_type:D},section_link_track_adform:c,section_link_track_ga:c,category_link:{entity_id:hN,path:qe},link_label:qf,link_to_target_blank:a},{section_link:{link_type:D},section_link_track_adform:c,section_link_track_ga:c,category_link:{entity_id:qg,path:qh},link_label:gK,link_to_target_blank:a},{section_link:{link_type:D},section_link_track_adform:c,section_link_track_ga:c,category_link:{entity_id:qi,path:qj},link_label:lP,link_to_target_blank:a},{section_link:{link_type:D},section_link_track_adform:c,section_link_track_ga:c,category_link:{entity_id:qk,path:ql},link_label:ja,link_to_target_blank:a},{section_link:{link_type:D},section_link_track_adform:c,section_link_track_ga:c,category_link:{entity_id:qm,path:qn},link_label:qo,link_to_target_blank:a},{section_link:{link_type:D},section_link_track_adform:c,section_link_track_ga:c,category_link:{entity_id:fb,path:qp},link_label:gx,link_to_target_blank:a}],id:"footer_column_block$2fb90152-0106-4cd6-b45e-1f2544236864",slice_type:fF,slice_label:c}],[{primary:{title:[{type:H,text:qq,spans:[]}],title_document_link:{link_type:E,key:"d37d2bf4-24b8-4219-a227-5e78c3c6b45a",url:qr},title_document_link_track_adform:c,title_document_link_track_ga:c,title_category_link:c,title_link_to_target_blank:a},items:[{section_link:{link_type:D},section_link_track_adform:c,section_link_track_ga:c,category_link:{entity_id:"114",path:"classes-and-events\u002Fnyc-flatiron"},link_label:qs,link_to_target_blank:a},{section_link:{link_type:D},section_link_track_adform:c,section_link_track_ga:c,category_link:{entity_id:jo,path:"classes-and-events\u002Fnyc-downtown"},link_label:qt,link_to_target_blank:a},{section_link:{link_type:E,key:"0a7d7bae-2f1f-4554-868b-d3385594edb8",url:qu},section_link_track_adform:c,section_link_track_ga:c,category_link:c,link_label:lQ,link_to_target_blank:a},{section_link:{link_type:D},section_link_track_adform:c,section_link_track_ga:c,category_link:{entity_id:jp,path:"classes-and-events\u002Fchicago"},link_label:gS,link_to_target_blank:a},{section_link:{link_type:D},section_link_track_adform:c,section_link_track_ga:c,category_link:{entity_id:"117",path:"classes-and-events\u002Fboston"},link_label:gT,link_to_target_blank:a},{section_link:{link_type:D},section_link_track_adform:c,section_link_track_ga:c,category_link:{entity_id:"118",path:"classes-and-events\u002Flos-angeles"},link_label:gU,link_to_target_blank:a},{section_link:{link_type:D},section_link_track_adform:c,section_link_track_ga:c,category_link:{entity_id:"119",path:"classes-and-events\u002Flas-vegas"},link_label:gV,link_to_target_blank:a},{section_link:{link_type:D},section_link_track_adform:c,section_link_track_ga:c,category_link:{entity_id:"120",path:"classes-and-events\u002Fdallas"},link_label:gW,link_to_target_blank:a},{section_link:{link_type:D},section_link_track_adform:c,section_link_track_ga:c,category_link:{entity_id:"121",path:"classes-and-events\u002Fsilicon-valley"},link_label:gX,link_to_target_blank:a},{section_link:{link_type:E,key:"7c17c0a0-0744-4bff-b44a-3b1d3b20dcd7",url:qv},section_link_track_adform:c,section_link_track_ga:c,category_link:c,link_label:gY,link_to_target_blank:a},{section_link:{link_type:E,key:"7235b2fd-b57e-423e-b502-09347043697e",url:qw},section_link_track_adform:c,section_link_track_ga:c,category_link:c,link_label:jq,link_to_target_blank:a},{section_link:{link_type:E,key:"ea6dcb60-6343-493f-adc5-3c9fa82c51f6",url:qx},section_link_track_adform:c,section_link_track_ga:c,category_link:c,link_label:fG,link_to_target_blank:a},{section_link:{link_type:E,key:"e9d15cbf-7d3f-457c-833a-fe25daf69d58",url:qy},section_link_track_adform:c,section_link_track_ga:c,category_link:c,link_label:ig,link_to_target_blank:a}],id:"footer_column_block$c2536a01-4807-4d84-baee-9d7d2d1f8010",slice_type:fF,slice_label:c},{primary:{title:[{type:H,text:"THE EATALY EXPERIENCE",spans:[],direction:n}],title_document_link:{link_type:D},title_document_link_track_adform:c,title_document_link_track_ga:c,title_category_link:c,title_link_to_target_blank:a},items:[{section_link:{id:qz,type:bE,tags:[],lang:m,slug:qA,first_publication_date:qB,last_publication_date:qC,data:{custom_uid:qD},link_type:k,key:"7f76de28-fc9e-4f37-8e14-5acdd7c0d61a",isBroken:a},section_link_track_adform:c,section_link_track_ga:c,category_link:c,link_label:"Host at Eataly",link_to_target_blank:a},{section_link:{id:lR,type:bE,tags:[],lang:m,slug:lS,first_publication_date:lT,last_publication_date:lU,data:{custom_uid:lV},link_type:k,key:"7865dbd6-cbbf-4739-ba02-c44f6da0a092",isBroken:a},section_link_track_adform:c,section_link_track_ga:c,category_link:c,link_label:qE,link_to_target_blank:a}],id:"footer_column_block$95ed8750-7aa8-4429-b34d-3250d0639ecc",slice_type:fF,slice_label:c}],[{primary:{title:[{type:H,text:"STORES",spans:[]}],title_document_link:{id:by,type:bz,tags:[bA],lang:m,slug:bB,first_publication_date:bC,last_publication_date:bD,data:{custom_uid:bk,title:[{type:u,text:do0,spans:[]}]},link_type:k,key:"36024b21-1b94-44be-8273-742585f3f084",isBroken:a},title_document_link_track_adform:c,title_document_link_track_ga:c,title_category_link:c,title_link_to_target_blank:a},items:[{section_link:{id:qF,type:bE,tags:[],lang:m,slug:qG,first_publication_date:qH,last_publication_date:cw,data:{custom_uid:lW,title:[{type:u,text:X,spans:[]}]},link_type:k,key:"c2f99e8d-75c0-436a-acf9-a7500f9f423d",isBroken:a},section_link_track_adform:c,section_link_track_ga:c,category_link:c,link_label:qI,link_to_target_blank:a},{section_link:{id:qJ,type:bS,tags:[bG],lang:m,slug:qK,first_publication_date:qL,last_publication_date:cw,data:{custom_uid:fH,first_level:{id:by,type:bz,tags:[bA],lang:m,slug:bB,first_publication_date:bC,last_publication_date:bD,data:{custom_uid:bk,title:[{type:u,text:do0,spans:[]}]},link_type:k,key:qM,isBroken:a},preview_title:[{type:H,text:gS,spans:[]}],title:[{type:u,text:X,spans:[]}]},link_type:k,key:"92f2e8d3-3134-44ed-8b10-90683e03949a",isBroken:a},section_link_track_adform:c,section_link_track_ga:c,category_link:c,link_label:gS,link_to_target_blank:a},{section_link:{id:qN,type:bS,tags:[bG],lang:m,slug:qO,first_publication_date:qP,last_publication_date:qQ,data:{custom_uid:fI,first_level:{id:by,type:bz,tags:[bA],lang:m,slug:bB,first_publication_date:bC,last_publication_date:bD,data:{custom_uid:bk,title:[{type:u,text:do0,spans:[]}]},link_type:k,key:qR,isBroken:a},preview_title:[{type:H,text:gT,spans:[]}],title:[{type:u,text:X,spans:[]}]},link_type:k,key:"fa1ce969-3e3b-4348-badb-5ec6cf966354",isBroken:a},section_link_track_adform:c,section_link_track_ga:c,category_link:c,link_label:gT,link_to_target_blank:a},{section_link:{id:qS,type:bS,tags:[bG],lang:m,slug:qT,first_publication_date:qU,last_publication_date:cw,data:{custom_uid:qV,first_level:{id:by,type:bz,tags:[bA],lang:m,slug:bB,first_publication_date:bC,last_publication_date:bD,data:{custom_uid:bk,title:[{type:u,text:do0,spans:[]}]},link_type:k,key:qW,isBroken:a},preview_title:[{type:H,text:gU,spans:[]}],title:[{type:u,text:X,spans:[]}]},link_type:k,key:"9a7b1c4f-b46a-41fb-851c-8a8e725cc88b",isBroken:a},section_link_track_adform:c,section_link_track_ga:c,category_link:c,link_label:gU,link_to_target_blank:a},{section_link:{id:qX,type:bS,tags:[bG],lang:m,slug:qY,first_publication_date:qZ,last_publication_date:q_,data:{custom_uid:q$,first_level:{id:by,type:bz,tags:[bA],lang:m,slug:bB,first_publication_date:bC,last_publication_date:bD,data:{custom_uid:bk,title:[{type:u,text:do0,spans:[]}]},link_type:k,key:ra,isBroken:a},preview_title:[{type:H,text:gV,spans:[]}],title:[{type:u,text:X,spans:[]}]},link_type:k,key:"5dfe03bc-97ef-4ec9-8c52-df1ef89df18b",isBroken:a},section_link_track_adform:c,section_link_track_ga:c,category_link:c,link_label:gV,link_to_target_blank:a},{section_link:{id:rb,type:bS,tags:[bG],lang:m,slug:rc,first_publication_date:rd,last_publication_date:cw,data:{custom_uid:fJ,first_level:{id:by,type:bz,tags:[bA],lang:m,slug:bB,first_publication_date:bC,last_publication_date:bD,data:{custom_uid:bk,title:[{type:u,text:do0,spans:[]}]},link_type:k,key:re,isBroken:a},preview_title:[{type:H,text:gW,spans:[]}],title:[{type:u,text:X,spans:[]}]},link_type:k,key:"8944cf85-6570-4396-b342-8da965b159fd",isBroken:a},section_link_track_adform:c,section_link_track_ga:c,category_link:c,link_label:gW,link_to_target_blank:a},{section_link:{id:rf,type:bS,tags:[bG],lang:m,slug:rg,first_publication_date:rh,last_publication_date:cw,data:{custom_uid:ri,first_level:{id:by,type:bz,tags:[bA],lang:m,slug:bB,first_publication_date:bC,last_publication_date:bD,data:{custom_uid:bk,title:[{type:u,text:do0,spans:[]}]},link_type:k,key:rj,isBroken:a},preview_title:[{type:H,text:gX,spans:[]}],title:[{type:u,text:X,spans:[]}]},link_type:k,key:"ce7116bc-f1d5-400d-87b1-f577147de42a",isBroken:a},section_link_track_adform:c,section_link_track_ga:c,category_link:c,link_label:gX,link_to_target_blank:a},{section_link:{id:rk,type:bS,tags:[bG],lang:m,slug:rl,first_publication_date:rm,last_publication_date:cw,data:{custom_uid:rn,first_level:{id:by,type:bz,tags:[bA],lang:m,slug:bB,first_publication_date:bC,last_publication_date:bD,data:{custom_uid:bk,title:[{type:u,text:do0,spans:[]}]},link_type:k,key:ro,isBroken:a},preview_title:[{type:H,text:gY,spans:[]}]},link_type:k,key:"5af1ade4-2a86-4ec6-a880-f63b9d8518c0",isBroken:a},section_link_track_adform:c,section_link_track_ga:c,category_link:c,link_label:gY,link_to_target_blank:a},{section_link:{id:rp,type:bS,tags:[bG],lang:m,slug:rq,first_publication_date:rr,last_publication_date:cw,data:{custom_uid:fK,first_level:{id:by,type:bz,tags:[bA],lang:m,slug:bB,first_publication_date:bC,last_publication_date:bD,data:{custom_uid:bk,title:[{type:u,text:do0,spans:[]}]},link_type:k,key:rs,isBroken:a},preview_title:[{type:H,text:X,spans:[]}],title:[{type:u,text:rt,spans:[],direction:n}]},link_type:k,key:"2646588f-98ec-4ce3-b7fb-8531c85f8fb6",isBroken:a},section_link_track_adform:c,section_link_track_ga:c,category_link:c,link_label:jq,link_to_target_blank:a},{section_link:{id:ru,type:bS,tags:[bG],lang:m,slug:rv,first_publication_date:rw,last_publication_date:cw,data:{custom_uid:rx,first_level:{id:by,type:bz,tags:[bA],lang:m,slug:bB,first_publication_date:bC,last_publication_date:bD,data:{custom_uid:bk,title:[{type:u,text:do0,spans:[]}]},link_type:k,key:ry,isBroken:a},preview_title:[{type:H,text:fG,spans:[],direction:n}],title:[{type:u,text:fG,spans:[],direction:n}]},link_type:k,key:"19551ab9-e8e6-4037-a023-15e5ed89f33d",isBroken:a},section_link_track_adform:c,section_link_track_ga:c,category_link:c,link_label:fG,link_to_target_blank:a},{section_link:{id:rz,type:bS,tags:[bG],lang:m,slug:rA,first_publication_date:rB,last_publication_date:rC,data:{custom_uid:rD,first_level:{id:by,type:bz,tags:[bA],lang:m,slug:bB,first_publication_date:bC,last_publication_date:bD,data:{custom_uid:bk,title:[{type:u,text:do0,spans:[]}]},link_type:k,key:rE,isBroken:a},preview_title:[{type:H,text:X,spans:[]}],title:[{type:u,text:ig,spans:[],direction:n}]},link_type:k,key:"8d559f4d-87bc-408b-8d58-7695b8382728",isBroken:a},section_link_track_adform:c,section_link_track_ga:c,category_link:c,link_label:ig,link_to_target_blank:a},{section_link:{id:"Z7RAcx4AAE8A2rQh",type:bE,tags:[],lang:m,slug:"in-the-new-york-area-order-ahead-on-the-eataly-caffe-app.",first_publication_date:"2025-02-18T20:28:05+0000",last_publication_date:"2025-11-26T18:51:32+0000",data:{custom_uid:lX},link_type:k,key:"f1f4a9d5-16b8-4cf4-98e7-e9ecb0a34a14",isBroken:a},section_link_track_adform:c,section_link_track_ga:c,category_link:c,link_label:jr,link_to_target_blank:a}],id:"footer_column_block$bc5af1fa-96bf-474b-a8fe-20af52dffed3",slice_type:fF,slice_label:c}],[{primary:{title:[{type:H,text:"ABOUT EATALY",spans:[]}],title_document_link:{id:gZ,type:g_,tags:[el],lang:m,slug:g$,first_publication_date:ha,last_publication_date:hb,data:{custom_uid:hc,title:[{type:u,text:hd,spans:[]}]},link_type:k,key:"eb241cf6-38d3-4d8f-9570-b12397404319",isBroken:a},title_document_link_track_adform:c,title_document_link_track_ga:c,title_category_link:c,title_link_to_target_blank:a},items:[{section_link:{id:"Ys5-vBIAACsAUxWN",type:bE,tags:["Who we are"],lang:m,slug:"our-history",first_publication_date:lY,last_publication_date:"2023-10-26T19:20:01+0000",data:{custom_uid:"eataly-history",first_level:{id:gZ,type:g_,tags:[el],lang:m,slug:g$,first_publication_date:ha,last_publication_date:hb,data:{custom_uid:hc,title:[{type:u,text:hd,spans:[]}]},link_type:k,key:"e498372f-9681-41a3-8cc4-a01529ad55cd",isBroken:a},title:[{type:u,text:"Our History",spans:[]}]},link_type:k,key:"4f2954f9-e58c-4d54-9fff-ed4df3ce93f0",isBroken:a},section_link_track_adform:c,section_link_track_ga:c,category_link:c,link_label:"History",link_to_target_blank:a},{section_link:{id:"Ys5-vBIAACsAUxWP",type:bE,tags:[el,rF],lang:m,slug:"eataly-manifesto",first_publication_date:lY,last_publication_date:"2023-01-31T19:13:34+0000",data:{custom_uid:"manifesto",first_level:{id:gZ,type:g_,tags:[el],lang:m,slug:g$,first_publication_date:ha,last_publication_date:hb,data:{custom_uid:hc,title:[{type:u,text:hd,spans:[]}]},link_type:k,key:"4ebc822a-7f70-482e-8edc-484f16f9c2e6",isBroken:a},title:[{type:u,text:"Eataly Manifesto",spans:[]}]},link_type:k,key:"db0423f1-eb02-46db-87cf-d4554b1615ce",isBroken:a},section_link_track_adform:c,section_link_track_ga:c,category_link:c,link_label:rF,link_to_target_blank:a},{section_link:{id:by,type:bz,tags:[bA],lang:m,slug:bB,first_publication_date:bC,last_publication_date:bD,data:{custom_uid:bk,title:[{type:u,text:do0,spans:[]}]},link_type:k,key:"64398dd9-7d73-4aa4-a570-683256e63673",isBroken:a},section_link_track_adform:c,section_link_track_ga:c,category_link:c,link_label:"Eataly in the world",link_to_target_blank:a},{section_link:{link_type:E,key:"26f96c31-090a-4dd4-bbba-832f74d2ad2c",url:rG,target:fc},section_link_track_adform:c,section_link_track_ga:c,category_link:c,link_label:"Join our Team",link_to_target_blank:a},{section_link:{id:"Y2pZHhIAAETQkbyb",type:"news_filtered",tags:[],lang:m,slug:"corporate-news",first_publication_date:"2022-11-08T13:26:58+0000",last_publication_date:"2023-12-22T16:36:06+0000",data:{custom_uid:"news",first_level:{id:gZ,type:g_,tags:[el],lang:m,slug:g$,first_publication_date:ha,last_publication_date:hb,data:{custom_uid:hc,title:[{type:u,text:hd,spans:[]}]},link_type:k,key:"c419075d-19f1-43ed-9203-675ebfeb8b83",isBroken:a},title:[{type:u,text:X,spans:[]}]},link_type:k,key:"66116307-c162-4e30-a807-ff619de2ed2f",isBroken:a},section_link_track_adform:c,section_link_track_ga:c,category_link:c,link_label:lZ,link_to_target_blank:a},{section_link:{id:"YsMwDhUAAC4AbDYR",type:bE,tags:[em],lang:m,slug:rH,first_publication_date:"2022-07-04T18:27:17+0000",last_publication_date:"2025-06-27T20:46:36+0000",data:{custom_uid:rH,first_level:{id:gZ,type:g_,tags:[el],lang:m,slug:g$,first_publication_date:ha,last_publication_date:hb,data:{custom_uid:hc,title:[{type:u,text:hd,spans:[]}]},link_type:k,key:"c772c8b4-593c-4698-af44-4a8ead594c76",isBroken:a},title:[{type:u,text:X,spans:[]}]},link_type:k,key:"68ea52be-058c-4030-9455-cafdf9eb2d26",isBroken:a},section_link_track_adform:c,section_link_track_ga:c,category_link:c,link_label:"Eataly Restaurants",link_to_target_blank:a},{section_link:{id:"ZFarYxIAACkATOQV",type:bE,tags:[],lang:m,slug:"our-partners",first_publication_date:"2023-06-21T15:24:08+0000",last_publication_date:"2025-12-01T14:45:54+0000",data:{custom_uid:"featured-producer-partners",first_level:{id:gZ,type:g_,tags:[el],lang:m,slug:g$,first_publication_date:ha,last_publication_date:hb,data:{custom_uid:hc,title:[{type:u,text:hd,spans:[]}]},link_type:k,key:"370c8696-3759-4e19-8e2d-fbb091eaa2aa",isBroken:a},title:[{type:u,text:rI,spans:[]}]},link_type:k,key:"5aa59eea-9d67-4dda-a61c-792c875455e9",isBroken:a},section_link_track_adform:c,section_link_track_ga:c,category_link:c,link_label:rI,link_to_target_blank:a},{section_link:{id:"ZzIlERkAAEYAEfZi",type:bE,tags:[],lang:m,slug:"how-it-works",first_publication_date:"2025-01-20T13:52:22+0000",last_publication_date:"2025-06-23T07:02:13+0000",data:{custom_uid:"ambassador-loyalty-program"},link_type:k,key:"2e129dfc-c4df-499e-b5d9-f614b2921e53",isBroken:a},section_link_track_adform:c,section_link_track_ga:c,category_link:c,link_label:"Eataly Ambassador",link_to_target_blank:a}],id:"footer_column_block$07e152f9-7d0e-443a-9187-8117f7d0af04",slice_type:fF,slice_label:c},{primary:{title:[{type:H,text:"MAGAZINE",spans:[]}],title_document_link:{id:b_,type:b$,tags:[],lang:m,slug:ca,first_publication_date:cb,last_publication_date:cc,data:{custom_uid:cP,title:[{type:u,text:fL,spans:[],direction:n}]},link_type:k,key:"dcea1057-4251-4a9e-a05d-a9cebac31b64",isBroken:a},title_document_link_track_adform:c,title_document_link_track_ga:c,title_category_link:c,title_link_to_target_blank:a},items:[{section_link:{id:ic,type:e_,tags:[],lang:m,slug:ek,first_publication_date:id,last_publication_date:ie,data:{custom_uid:ek,first_level:{id:b_,type:b$,tags:[],lang:m,slug:ca,first_publication_date:cb,last_publication_date:cc,data:{custom_uid:cP,title:[{type:u,text:fL,spans:[],direction:n}]},link_type:k,key:"9ead18e6-da53-4dca-a7a6-df880131caf5",isBroken:a},title:[{type:u,text:rJ,spans:[]}]},link_type:k,key:"3d33b0ad-2907-432c-8c02-788f6504935d",isBroken:a},section_link_track_adform:c,section_link_track_ga:c,category_link:c,link_label:rJ,link_to_target_blank:a},{section_link:{id:eV,type:cE,tags:[c$],lang:m,slug:eW,first_publication_date:eX,last_publication_date:eY,data:{custom_uid:eZ,first_level:{id:b_,type:b$,tags:[],lang:m,slug:ca,first_publication_date:cb,last_publication_date:cc,data:{custom_uid:cP,title:[{type:u,text:fL,spans:[],direction:n}]},link_type:k,key:"10db92ec-e4c6-45b0-aebc-02d1fcce0375",isBroken:a},title:[{type:u,text:rK,spans:[],direction:n}]},link_type:k,key:"487ca213-3cd2-42d3-a45d-3d7316f27468",isBroken:a},section_link_track_adform:c,section_link_track_ga:c,category_link:c,link_label:rK,link_to_target_blank:a},{section_link:{id:lG,type:cE,tags:[c$],lang:m,slug:lH,first_publication_date:lI,last_publication_date:lJ,data:{custom_uid:lK,first_level:{id:b_,type:b$,tags:[],lang:m,slug:ca,first_publication_date:cb,last_publication_date:cc,data:{custom_uid:cP,title:[{type:u,text:fL,spans:[],direction:n}]},link_type:k,key:"254cb856-d59e-4446-8ec9-066952fd28c1",isBroken:a},title:[{type:u,text:rL,spans:[],direction:n}]},link_type:k,key:"361a2101-2a0c-4465-ab9d-113922208e19",isBroken:a},section_link_track_adform:c,section_link_track_ga:c,category_link:c,link_label:rL,link_to_target_blank:a},{section_link:{id:"ZzuwxhkAAEEAvAIZ",type:cE,tags:[c$],lang:m,slug:rM,first_publication_date:"2024-11-18T21:29:05+0000",last_publication_date:"2024-11-19T22:00:20+0000",data:{custom_uid:rM,first_level:{id:b_,type:b$,tags:[],lang:m,slug:ca,first_publication_date:cb,last_publication_date:cc,data:{custom_uid:cP,title:[{type:u,text:fL,spans:[],direction:n}]},link_type:k,key:"67b0e813-5388-4bbf-a789-a5e2785cff48",isBroken:a},title:[{type:u,text:rN,spans:[],direction:n}]},link_type:k,key:"a7f1813a-6dc5-489b-84da-27758ae90ca5",isBroken:a},section_link_track_adform:c,section_link_track_ga:c,category_link:c,link_label:rN,link_to_target_blank:a},{section_link:{id:"Y45OrRIAACwAw5VO",type:cE,tags:[],lang:m,slug:"producer-stories-producer-spotlights",first_publication_date:"2022-12-05T20:04:00+0000",last_publication_date:"2024-11-19T20:38:05+0000",data:{custom_uid:"producer-stories",first_level:{id:b_,type:b$,tags:[],lang:m,slug:ca,first_publication_date:cb,last_publication_date:cc,data:{custom_uid:cP,title:[{type:u,text:fL,spans:[],direction:n}]},link_type:k,key:"8e824082-a787-4a37-805d-232f12e42985",isBroken:a},title:[{type:u,text:"Producer Spotlights",spans:[],direction:n}]},link_type:k,key:"830700b0-3621-4671-9482-63d0e53ac91f",isBroken:a},section_link_track_adform:c,section_link_track_ga:c,category_link:c,link_label:"Meet Our Makers",link_to_target_blank:a}],id:"footer_column_block$086dace2-cf47-42b0-b135-cb1ca9f3fc63",slice_type:fF,slice_label:c}],[{primary:{title:[{type:H,text:"INFORMATION",spans:[]}],title_document_link:{link_type:E,key:"2b90e1ea-44bc-49f2-87dd-6df37fd64c1a",url:rO},title_document_link_track_adform:c,title_document_link_track_ga:c,title_category_link:c,title_link_to_target_blank:a},items:[{section_link:{link_type:E,key:"a8e836f5-2b92-4056-ba62-aa5620cbf54f",url:"https:\u002F\u002Fwww.eataly.com\u002Fus_en\u002Fsupport\u002Ffaq",target:fc},section_link_track_adform:c,section_link_track_ga:c,category_link:c,link_label:"Frequently Asked Questions",link_to_target_blank:a},{section_link:{link_type:E,key:"9257d171-fdbb-4f94-8849-4076ab9b2aff",url:rO,target:fc},section_link_track_adform:c,section_link_track_ga:c,category_link:c,link_label:"Online Support",link_to_target_blank:a},{section_link:{id:"Y0RvRxIAACwA60Px",type:bE,tags:[],lang:m,slug:"contact-our-buyers",first_publication_date:"2022-10-10T19:15:29+0000",last_publication_date:"2023-03-31T13:55:29+0000",data:{custom_uid:"contact-buyers",title:[{type:u,text:"Contact our Buyers",spans:[]}]},link_type:k,key:"ed4b1690-0bf8-4355-8c54-4f6136f9fee5",isBroken:a},section_link_track_adform:c,section_link_track_ga:c,category_link:c,link_label:"Contact our buyers",link_to_target_blank:a},{section_link:{id:"Y1lU7hIAACoAR4pk",type:bE,tags:[],lang:m,slug:"terms--conditions",first_publication_date:"2022-10-26T15:40:33+0000",last_publication_date:"2025-06-18T20:49:57+0000",data:{custom_uid:"terms-and-conditions",title:[{type:u,text:rP,spans:[]}]},link_type:k,key:"001683a7-35a5-4887-920c-b5694be2f666",isBroken:a},section_link_track_adform:c,section_link_track_ga:c,category_link:c,link_label:rP,link_to_target_blank:a},{section_link:{id:"Y1lUdBIAAC8AR4gX",type:bE,tags:[],lang:m,slug:rQ,first_publication_date:"2022-10-26T15:38:31+0000",last_publication_date:"2024-09-30T18:27:35+0000",data:{custom_uid:rQ,title:[{type:u,text:rR,spans:[]}]},link_type:k,key:"dd31bd03-0f0f-46cf-9c5c-f1bff0ae3fac",isBroken:a},section_link_track_adform:c,section_link_track_ga:c,category_link:c,link_label:"Eataly Privacy Policy",link_to_target_blank:a},{section_link:{id:"Z-MFuhoAAEsA8QDl",type:bE,tags:[],lang:m,slug:rS,first_publication_date:"2025-03-25T19:43:00+0000",last_publication_date:"2025-03-25T19:50:48+0000",data:{custom_uid:rS,title:[{type:u,text:rT,spans:[],direction:n}]},link_type:k,key:"b59920c9-4ab0-4c47-8a4a-1ef3ec246f0f",isBroken:a},section_link_track_adform:c,section_link_track_ga:c,category_link:c,link_label:rT,link_to_target_blank:a},{section_link:{id:"Z-GjQxoAAEUAii3x",type:bE,tags:[],lang:m,slug:"privacy-policy-for-california-residents",first_publication_date:"2025-03-24T18:24:29+0000",last_publication_date:"2025-06-16T19:32:58+0000",data:{custom_uid:"eataly-caffe-privacy-policy-california-residents",title:[{type:u,text:rU,spans:[],direction:n}]},link_type:k,key:"939495b0-70a5-48b9-aa8e-cc0c953c575e",isBroken:a},section_link_track_adform:c,section_link_track_ga:c,category_link:c,link_label:rU,link_to_target_blank:a},{section_link:{id:"aF2ftxkAAEEAuThl",type:bE,tags:[],lang:m,slug:"privacy-policy-for-nebraska-residents",first_publication_date:rV,last_publication_date:rV,data:{custom_uid:"eataly-caffe-privacy-policy-nebraska-residents",title:[{type:u,text:rW,spans:[],direction:n}]},link_type:k,key:"ccb11342-bf83-4faf-88a9-c820c7fc0cb2",isBroken:a},section_link_track_adform:c,section_link_track_ga:c,category_link:c,link_label:rW,link_to_target_blank:a},{section_link:{id:"aF2hGxkAAEMAuTpk",type:bE,tags:[],lang:m,slug:"privacy-policy-for-texas-residents",first_publication_date:rX,last_publication_date:rX,data:{custom_uid:"eataly-caffe-privacy-policy-texas-residents",title:[{type:u,text:rY,spans:[],direction:n}]},link_type:k,key:"2fc5f06a-987a-4218-af43-29014481286e",isBroken:a},section_link_track_adform:c,section_link_track_ga:c,category_link:c,link_label:rY,link_to_target_blank:a},{section_link:{id:"Z-L64xoAAD4A8PBg",type:bE,tags:[],lang:m,slug:rZ,first_publication_date:"2025-03-25T18:50:47+0000",last_publication_date:"2025-06-26T19:51:03+0000",data:{custom_uid:rZ,title:[{type:u,text:"EATALY AMBASSADOR REWARDS TERMS OF USE",spans:[],direction:n}]},link_type:k,key:"47deb2ee-962f-4b10-9a15-eb7189cf6d0a",isBroken:a},section_link_track_adform:c,section_link_track_ga:c,category_link:c,link_label:"Eataly Ambassador Rewards Terms of Use",link_to_target_blank:a},{section_link:{id:"ZcOZnRIAACgA2qim",type:bE,tags:[],lang:m,slug:"product-recalls--alerts",first_publication_date:"2024-02-07T15:32:55+0000",last_publication_date:"2024-11-27T14:00:31+0000",data:{custom_uid:"product-recalls-alerts",title:[{type:u,text:r_,spans:[]}]},link_type:k,key:"c7d9d700-fb7a-4474-97c4-ef101718d79d",isBroken:a},section_link_track_adform:c,section_link_track_ga:c,category_link:c,link_label:r_,link_to_target_blank:a}],id:"footer_column_block$43ec8f67-945a-4f12-a89e-5982de941983",slice_type:fF,slice_label:c}]],eataly_club_label:c,eataly_club_image:{},eataly_club_link:{link_type:D},eataly_club_track_adform:c,eataly_club_track_ga:c,eataly_club_target_blank:a}},mddm:{ecommerceContents:{"3":{slices:[{slice_type:r$,link:{link_type:D},link_track_adform:c,link_track_ga:c,link_target_blank:a,title:[],image:{}},{slice_type:P,product:{sku:sa}},{slice_type:P,product:{sku:"1166218"}},{slice_type:P,product:{sku:kd}},{slice_type:P,product:{sku:no}},{slice_type:P,product:{sku:na}}]},"4":{slices:[{slice_type:P,product:{sku:"1167588"}},{slice_type:P,product:{sku:"1164115"}},{slice_type:P,product:{sku:"1163699"}},{slice_type:P,product:{sku:"1163983"}},{slice_type:P,product:{sku:sb}},{slice_type:P,product:{sku:kk}}]},"8":{slices:[{slice_type:P,product:{sku:"1160429"}},{slice_type:P,product:{sku:"512070"}},{slice_type:P,product:{sku:"500827"}},{slice_type:P,product:{sku:"522391"}}]},"69":{slices:[{slice_type:P,product:{sku:"500213"}},{slice_type:P,product:{sku:sc}},{slice_type:P,product:{sku:"1134714"}},{slice_type:P,product:{sku:"1138131"}}]},"99":{slices:[{slice_type:P,product:{sku:"1133526"}},{slice_type:P,product:{sku:"1136797"}},{slice_type:P,product:{sku:"1135452"}},{slice_type:P,product:{sku:"1150732"}},{slice_type:P,product:{sku:"1134911"}}]},"143":{slices:[{slice_type:r$,link:{link_type:D},link_track_adform:c,link_track_ga:c,link_target_blank:a,title:[],image:{}},{slice_type:P,product:{sku:mZ}},{slice_type:P,product:{sku:nc}},{slice_type:P,product:{sku:sa}},{slice_type:P,product:{sku:"507562"}},{slice_type:P,product:{sku:"505572"}}]},"316":{slices:[{slice_type:P,product:{sku:sd}},{slice_type:P,product:{sku:kd}},{slice_type:P,product:{sku:"1167188"}},{slice_type:P,product:{sku:"1163027"}},{slice_type:ih,link:{link_type:E,key:"ebeef0f4-bece-47e3-8158-600e7541d024",url:se},link_track_adform:c,link_track_ga:c,link_target_blank:a,image:{dimensions:{width:dK,height:dK},alt:"Panettone Gift Box Eataly",copyright:c,url:"https:\u002F\u002Fimages.prismic.io\u002Feataly-us\u002FaQIswrpReVYa3zLU_BlackFriday_White_300x300.jpg?auto=format,compress&rect=0,0,300,300&w=280&h=280",id:"aQIswrpReVYa3zLU",edit:{x:i,y:i,zoom:e,background:M}},title:[]}]},"335":{slices:[{slice_type:P,product:{sku:"1166994"}},{slice_type:P,product:{sku:"1166992"}},{slice_type:P,product:{sku:"1162994"}},{slice_type:P,product:{sku:"1166255"}},{slice_type:P,product:{sku:"1164437"}}]},"388":{slices:[{slice_type:P,product:{sku:km}},{slice_type:P,product:{sku:kC}},{slice_type:P,product:{sku:nv}},{slice_type:P,product:{sku:kk}}]}},editorialContents:{"local-delivery":{slices:[{slice_type:ih,link:{link_type:E,key:"03a771e0-4590-48e2-800c-1f119fc8ad36",url:sf,target:fc},link_track_adform:c,link_track_ga:c,link_target_blank:b,image:{dimensions:{width:dK,height:dK},alt:c,copyright:c,url:"https:\u002F\u002Fimages.prismic.io\u002Feataly-us\u002FaQo4grpReVYa4DJ0_Local-Delivery_280x280.jpg?auto=format,compress&rect=0,0,280,280&w=280&h=280",id:"aQo4grpReVYa4DJ0",edit:{x:i,y:i,zoom:e,background:M}},title:[{type:x,text:"LOCAL GROCERY DELIVERY BY INSTACART",spans:[]}],description:[{type:x,text:"Get your local Eataly favorites conveniently delivered to your door.",spans:[]}],link_label:[{type:x,text:l_,spans:[]}]},{slice_type:ih,link:{link_type:E,key:"79269c83-9c05-4877-b872-e2a2f7b497e7",url:sg,target:fc},link_track_adform:c,link_track_ga:c,link_target_blank:b,image:{dimensions:{width:dK,height:dK},alt:"Restaurant Delivery",copyright:c,url:"https:\u002F\u002Fimages.prismic.io\u002Feataly-us\u002Fcdf9b44d-75ea-4a41-b85a-b2bcbc918ded_restaurant-delivery.jpg?auto=compress,format&rect=79,0,472,472&w=280&h=280",id:"ZPjnVhEAACoADqGb",edit:{x:-47,y:i,zoom:l$,background:aT}},title:[{type:x,text:"RESTAURANT DELIVERY & TAKEOUT",spans:[]}],description:[{type:x,text:"Place an order for an authentic Italian meal with none of the hassle.",spans:[]}],link_label:[]},{slice_type:ih,link:{link_type:E,key:"b1bb08af-0e69-4ae4-b12a-705688d454f9",url:"https:\u002F\u002Fwww.eatalyvino.com\u002F",target:fc},link_track_adform:c,link_track_ga:c,link_target_blank:b,image:{dimensions:{width:dK,height:dK},alt:"Wine Delivery Nationwide",copyright:c,url:"https:\u002F\u002Fimages.prismic.io\u002Feataly-us\u002Fc48a6d6a-46db-4821-bc92-0be972fe799a_wine-delivery.jpg?auto=compress,format&rect=100,0,472,472&w=280&h=280",id:"ZPjnVhEAAC4ADqGc",edit:{x:-59,y:i,zoom:l$,background:aT}},title:[{type:x,text:"WINE DELIVERY",spans:[]}],description:[{type:x,text:"Enter the vineyards of Eataly Vino for fine Italian wine delivered nationwide.",spans:[]}],link_label:[]}]},"about-eataly/eataly-restaurants":{slices:[{slice_type:ih,link:{id:lR,type:bE,tags:[],lang:m,slug:lS,first_publication_date:lT,last_publication_date:lU,data:{custom_uid:lV},link_type:k,key:"5dd7c386-bbb1-4024-afcb-9680fc8a9538",isBroken:a},link_track_adform:c,link_track_ga:c,link_target_blank:a,image:{dimensions:{width:dK,height:dK},alt:"private dining flatiron",copyright:c,url:"https:\u002F\u002Fimages.prismic.io\u002Feataly-us\u002Ff0f551ed-3c00-4803-a7c8-722e91da4bd8_private-dining-flatiron.jpg?auto=compress,format&rect=402,0,472,472&w=280&h=280",id:"ZRsvCRUAAC0AZNJr",edit:{x:-238,y:i,zoom:l$,background:aT}},title:[{type:x,text:ma,spans:[]}],description:[{type:x,text:"Our tailored suite of private dining and corporate experiences are here to sweep you away to the heart of Italy.",spans:[]}],link_label:[{type:x,text:"LET'S PARTY",spans:[],direction:n}]}]},stores:{slices:[]}},productsSkuMap:{},lastFetchedContentsStoreView:ii,lastFetchedProductsStoreView:c},menu:{ecommerceAllItemsFlat:[{id:sh,name:l,path:si,menuLevel:f,parentId:N,includeInMenu:b,includeInCategoriesNavigation:b},{id:"20",name:"The Wagyu Shop",path:"nationwide-shipping\u002Fmeats\u002Fthe-wagyu-shop",menuLevel:f,parentId:hN,includeInMenu:b,includeInCategoriesNavigation:b},{id:fM,name:"Cheese",path:"nationwide-shipping\u002Fcured-meats-and-cheese\u002Fcheese",menuLevel:f,parentId:ij,includeInMenu:b,includeInCategoriesNavigation:b},{id:"25",name:"Kamut Pasta",path:"nationwide-shipping\u002Fpasta\u002Falternative-grains-pasta\u002Fkamut-pasta",menuLevel:j,parentId:dv,includeInMenu:a,includeInCategoriesNavigation:b},{id:"37",name:"Soft Drinks",path:"nationwide-shipping\u002Fbeverages\u002Fsoft-drinks",menuLevel:f,parentId:"36",includeInMenu:a,includeInCategoriesNavigation:a},{id:bI,name:gM,path:"nationwide-shipping\u002Fcoffee-and-tea\u002Fcaffe-italia",menuLevel:f,parentId:cH,includeInMenu:b,includeInCategoriesNavigation:b},{id:"48",name:"Parmigiano Reggiano",path:"nationwide-shipping\u002Fcured-meats-and-cheese\u002Fcheese\u002Fparmigiano-cheese",menuLevel:j,parentId:fM,includeInMenu:a,includeInCategoriesNavigation:b},{id:"56",name:"Prosciutto Crudo",path:"nationwide-shipping\u002Fcured-meats-and-cheese\u002Fcured-meats\u002Fprosciutto-crudo",menuLevel:j,parentId:dw,includeInMenu:a,includeInCategoriesNavigation:b},{id:fd,name:k_,path:"nationwide-shipping\u002Fpantry\u002Ftomatoes",menuLevel:f,parentId:cF,includeInMenu:b,includeInCategoriesNavigation:b},{id:"86",name:"Puree and Passata",path:"nationwide-shipping\u002Fpantry\u002Ftomatoes\u002Fpuree-and-passata",menuLevel:j,parentId:fd,includeInMenu:a,includeInCategoriesNavigation:b},{id:"101",name:"Dark Chocolate",path:"nationwide-shipping\u002Fsweets\u002Fchocolates\u002Fdark-chocolate",menuLevel:j,parentId:he,includeInMenu:a,includeInCategoriesNavigation:b},{id:"108",name:"Candies",path:"nationwide-shipping\u002Fsweets\u002Fcandies",menuLevel:f,parentId:dn,includeInMenu:b,includeInCategoriesNavigation:b},{id:"125",name:kj,path:"sale-a-brate\u002Fmonthly-sales",menuLevel:g,parentId:hf,includeInMenu:a,includeInCategoriesNavigation:a},{id:"144",name:l,path:"gifts-holiday-collection\u002Fholiday-gifts-all\u002Fholiday-gift-baskets",menuLevel:f,parentId:dx,includeInMenu:b,includeInCategoriesNavigation:b},{id:"159",name:"Cooking classes - Chicago",path:"classes-and-events\u002Fchicago\u002Fcooking-classes",menuLevel:f,parentId:jp,includeInMenu:a,includeInCategoriesNavigation:a},{id:"166",name:"Cooking classes - NYC Downtown",path:"classes-and-events\u002Fnyc-downtown\u002Fcooking-classes",menuLevel:f,parentId:jo,includeInMenu:a,includeInCategoriesNavigation:a},{id:"212",name:"Berkel ",path:"our-producers\u002Fberkel",menuLevel:g,parentId:t,includeInMenu:a,includeInCategoriesNavigation:b},{id:"306",name:qf,path:"nationwide-shipping\u002Fget-grilling\u002Fget-grilling-meat",menuLevel:f,parentId:hg,includeInMenu:a,includeInCategoriesNavigation:b},{id:"319",name:cA,path:"valentine-s-day\u002Fchocolate",menuLevel:g,parentId:ik,includeInMenu:b,includeInCategoriesNavigation:b},{id:"331",name:"Buy Two - Get 30% OFF",path:"easter\u002Fbuy-two-get-30-off",menuLevel:g,parentId:fN,includeInMenu:a,includeInCategoriesNavigation:b},{id:"334",name:"Tin Fish",path:"nationwide-shipping\u002Fpantry\u002Fcanned-goods\u002Ftin-fish",menuLevel:j,parentId:sj,includeInMenu:a,includeInCategoriesNavigation:b},{id:"335",name:W,path:"nationwide-shipping\u002Feataly-new-arrivals",menuLevel:g,parentId:aR,includeInMenu:b,includeInCategoriesNavigation:b,icon:"\u002Fmedia\u002Fcatalog\u002Fcategory\u002FNew-_1__1_.svg"},{id:"341",name:c_,path:"nationwide-shipping\u002Fpasta\u002Fall-pasta",menuLevel:f,parentId:fa,includeInMenu:b,includeInCategoriesNavigation:b},{id:"352",name:sk,path:"nationwide-shipping\u002Fbakery\u002Feataly-cookies-and-biscotti",menuLevel:f,parentId:il,includeInMenu:b,includeInCategoriesNavigation:b},{id:"362",name:dG,path:"nationwide-shipping\u002Foil-and-vinegar\u002Fbold-evoo\u002Folive-oils",menuLevel:f,parentId:e$,includeInMenu:b,includeInCategoriesNavigation:b},{id:dx,name:h,path:"gifts-holiday-collection\u002Fholiday-gifts-all",menuLevel:g,parentId:dI,includeInMenu:b,includeInCategoriesNavigation:b},{id:"380",name:sl,path:"gifts-holiday-collection\u002Fholiday-chocolate-and-sweets\u002Fholiday-chocolate-boxed-chocolates",menuLevel:f,parentId:fO,includeInMenu:b,includeInCategoriesNavigation:b},{id:"386",name:gK,path:"gifts-holiday-collection\u002Fholiday-truffles-caviar\u002Fholiday-truffles",menuLevel:f,parentId:mb,includeInMenu:b,includeInCategoriesNavigation:b},{id:sm,name:y,path:sn,menuLevel:f,parentId:fe,includeInMenu:b,includeInCategoriesNavigation:b},{id:"408",name:y,path:"gifts-holiday-collection\u002Fpanettone\u002Fgifts-all-panettone",menuLevel:f,parentId:ff,includeInMenu:b,includeInCategoriesNavigation:b},{id:"410",name:sl,path:"nationwide-shipping\u002Fchocolate-and-sweets\u002Fboxed-chocolates",menuLevel:f,parentId:hh,includeInMenu:b,includeInCategoriesNavigation:b},{id:"418",name:jh,path:"nationwide-shipping\u002Fitalian-home-goods\u002Fdrinkware",menuLevel:f,parentId:fb,includeInMenu:b,includeInCategoriesNavigation:b},{id:"420",name:hY,path:"nationwide-shipping\u002Fholiday-hosting-1\u002Fcooking-staples",menuLevel:f,parentId:dL,includeInMenu:b,includeInCategoriesNavigation:b},{id:"434",name:kP,path:"nationwide-shipping\u002Feataly-icons\u002Feataly-icons-eatalypasta",menuLevel:f,parentId:fP,includeInMenu:b,includeInCategoriesNavigation:b},{id:"444",name:cA,path:"nationwide-shipping\u002Fholiday-best-sellers-2025\u002Fhbs-chocolate",menuLevel:f,parentId:dp,includeInMenu:b,includeInCategoriesNavigation:b},{id:aR,name:r,path:p_,menuLevel:e,parentId:cG,includeInMenu:b,includeInCategoriesNavigation:b,icon:"\u002Fmedia\u002Fcatalog\u002Fcategory\u002Fbasket.svg"},{id:"19",name:"Pat LaFrieda",path:"nationwide-shipping\u002Fmeats\u002Fpat-lafrieda",menuLevel:f,parentId:hN,includeInMenu:b,includeInCategoriesNavigation:b},{id:nx,name:"Farro Pasta",path:"nationwide-shipping\u002Fpasta\u002Falternative-grains-pasta\u002Ffarro-pasta",menuLevel:j,parentId:dv,includeInMenu:a,includeInCategoriesNavigation:b},{id:"42",name:so,path:"nationwide-shipping\u002Fitalian-home-goods\u002Fmain-serveware",menuLevel:f,parentId:fb,includeInMenu:b,includeInCategoriesNavigation:b},{id:dw,name:"Cured Meats",path:"nationwide-shipping\u002Fcured-meats-and-cheese\u002Fcured-meats",menuLevel:f,parentId:ij,includeInMenu:a,includeInCategoriesNavigation:b},{id:"55",name:"Culatello",path:"nationwide-shipping\u002Fcured-meats-and-cheese\u002Fcured-meats\u002Fculatello",menuLevel:j,parentId:dw,includeInMenu:a,includeInCategoriesNavigation:a},{id:"71",name:hX,path:"nationwide-shipping\u002Foil-and-vinegar\u002Fbold-evoo",menuLevel:f,parentId:e$,includeInMenu:a,includeInCategoriesNavigation:a},{id:"85",name:"Peeled",path:"nationwide-shipping\u002Fpantry\u002Ftomatoes\u002Fpeeled",menuLevel:j,parentId:fd,includeInMenu:a,includeInCategoriesNavigation:b},{id:"89",name:ei,path:"nationwide-shipping\u002Fpantry\u002Fpesto-and-pasta-sauce",menuLevel:f,parentId:cF,includeInMenu:b,includeInCategoriesNavigation:b},{id:he,name:"Chocolates",path:"nationwide-shipping\u002Fsweets\u002Fchocolates",menuLevel:f,parentId:dn,includeInMenu:b,includeInCategoriesNavigation:b},{id:"102",name:"Milk Chocolate",path:"nationwide-shipping\u002Fsweets\u002Fchocolates\u002Fmilk-chocolate",menuLevel:j,parentId:he,includeInMenu:a,includeInCategoriesNavigation:b},{id:"123",name:"Sale Gift Boxes",path:"sale-a-brate\u002Fsale-a-brate-gift-boxes-sale",menuLevel:g,parentId:hf,includeInMenu:b,includeInCategoriesNavigation:b},{id:"160",name:"Wine and beverage events - Chicago",path:"classes-and-events\u002Fchicago\u002Fwine-and-beverage-events",menuLevel:f,parentId:jp,includeInMenu:a,includeInCategoriesNavigation:a},{id:"167",name:"Wine and beverage events - NYC Downtown",path:"classes-and-events\u002Fnyc-downtown\u002Fwine-and-beverage-events",menuLevel:f,parentId:jo,includeInMenu:a,includeInCategoriesNavigation:a},{id:"213",name:"Acetaia Del Cristo ",path:"our-producers\u002Facetaia-del-cristo",menuLevel:g,parentId:t,includeInMenu:a,includeInCategoriesNavigation:b},{id:"300",name:"Grana Padano",path:"nationwide-shipping\u002Fcured-meats-and-cheese\u002Fcheese\u002Fgrana-padano",menuLevel:j,parentId:fM,includeInMenu:a,includeInCategoriesNavigation:b},{id:"307",name:"Spices & Seasonings",path:"nationwide-shipping\u002Fget-grilling\u002Fspices-and-seasonings",menuLevel:f,parentId:hg,includeInMenu:a,includeInCategoriesNavigation:b},{id:ff,name:O,path:"gifts-holiday-collection\u002Fpanettone",menuLevel:g,parentId:dI,includeInMenu:b,includeInCategoriesNavigation:b},{id:"320",name:h,path:"valentine-s-day\u002Fgifts",menuLevel:g,parentId:ik,includeInMenu:b,includeInCategoriesNavigation:b},{id:"325",name:"Colombe",path:"easter\u002Fcolombe",menuLevel:g,parentId:fN,includeInMenu:b,includeInCategoriesNavigation:b},{id:"343",name:A,path:"nationwide-shipping\u002Fpasta\u002Feataly-signature-pastas",menuLevel:f,parentId:fa,includeInMenu:b,includeInCategoriesNavigation:b},{id:"350",name:ls,path:"nationwide-shipping\u002Fcoffee-and-tea\u002Fespresso",menuLevel:f,parentId:cH,includeInMenu:b,includeInCategoriesNavigation:b},{id:"353",name:mc,path:"nationwide-shipping\u002Fbakery\u002Feataly-cookies",menuLevel:f,parentId:il,includeInMenu:a,includeInCategoriesNavigation:a},{id:"361",name:"Picnic Must Haves",path:"picnic-must-haves",menuLevel:e,parentId:cG,includeInMenu:a,includeInCategoriesNavigation:a},{id:"363",name:ko,path:"gifts-holiday-collection\u002Fpanettone\u002Fholiday-panettone-classic",menuLevel:f,parentId:ff,includeInMenu:b,includeInCategoriesNavigation:b},{id:"377",name:R,path:"gifts-holiday-collection\u002Fholiday-gifts-all\u002Ffor-the-chef-holiday",menuLevel:f,parentId:dx,includeInMenu:b,includeInCategoriesNavigation:b},{id:"381",name:sp,path:"gifts-holiday-collection\u002Fholiday-chocolate-and-sweets\u002Fholiday-chocolate-bars",menuLevel:f,parentId:fO,includeInMenu:b,includeInCategoriesNavigation:b},{id:"387",name:lP,path:"gifts-holiday-collection\u002Fholiday-truffles-caviar\u002Fholiday-caviar",menuLevel:f,parentId:mb,includeInMenu:b,includeInCategoriesNavigation:b},{id:fe,name:O,path:"nationwide-shipping\u002Fpanettone-italian-desserts",menuLevel:g,parentId:aR,includeInMenu:b,includeInCategoriesNavigation:b,icon:"\u002Fmedia\u002Fcatalog\u002Fcategory\u002FXJa1r401.svg"},{id:"389",name:hO,path:"nationwide-shipping\u002Fpanettone-italian-desserts\u002Fpanettone-classic-flavors",menuLevel:f,parentId:fe,includeInMenu:b,includeInCategoriesNavigation:b},{id:"416",name:sp,path:"nationwide-shipping\u002Fchocolate-and-sweets\u002Fchocolate-bars",menuLevel:f,parentId:hh,includeInMenu:b,includeInCategoriesNavigation:b},{id:"421",name:hW,path:"nationwide-shipping\u002Fholiday-hosting-1\u002Fantipasto",menuLevel:f,parentId:dL,includeInMenu:b,includeInCategoriesNavigation:b},{id:"435",name:hU,path:"nationwide-shipping\u002Feataly-icons\u002Feataly-icons-chocolates-and-spreads",menuLevel:f,parentId:fP,includeInMenu:b,includeInCategoriesNavigation:b},{id:"445",name:gM,path:"nationwide-shipping\u002Fholiday-best-sellers-2025\u002Fhbs-coffee",menuLevel:f,parentId:dp,includeInMenu:b,includeInCategoriesNavigation:b},{id:N,name:h,path:p$,menuLevel:g,parentId:aR,includeInMenu:b,includeInCategoriesNavigation:b,icon:"\u002Fmedia\u002Fcatalog\u002Fcategory\u002Fgifts.svg"},{id:"11",name:R,path:"nationwide-shipping\u002Fgifts\u002Ffor-the-chef",menuLevel:f,parentId:N,includeInMenu:b,includeInCategoriesNavigation:b},{id:"27",name:"Quinoa Pasta",path:"nationwide-shipping\u002Fpasta\u002Falternative-grains-pasta\u002Fquinoa-pasta",menuLevel:j,parentId:dv,includeInMenu:a,includeInCategoriesNavigation:b},{id:"40",name:"Tea",path:"nationwide-shipping\u002Fcoffee-and-tea\u002Ftea",menuLevel:f,parentId:cH,includeInMenu:b,includeInCategoriesNavigation:b},{id:"43",name:"Utensils",path:"nationwide-shipping\u002Fitalian-home-goods\u002Futensils",menuLevel:f,parentId:fb,includeInMenu:b,includeInCategoriesNavigation:b},{id:"47",name:"Gorgonzola cheese",path:"nationwide-shipping\u002Fcured-meats-and-cheese\u002Fcheese\u002Fgorgonzola-cheese",menuLevel:j,parentId:fM,includeInMenu:a,includeInCategoriesNavigation:b},{id:"60",name:"Prosciutto Cotto",path:"nationwide-shipping\u002Fcured-meats-and-cheese\u002Fcured-meats\u002Fprosciutto-cotto",menuLevel:j,parentId:dw,includeInMenu:a,includeInCategoriesNavigation:b},{id:"63",name:"Whole pieces",path:"nationwide-shipping\u002Fcured-meats-and-cheese\u002Fwhole-pieces",menuLevel:f,parentId:ij,includeInMenu:a,includeInCategoriesNavigation:b},{id:"72",name:ln,path:"nationwide-shipping\u002Foil-and-vinegar\u002Fintense-evoo",menuLevel:f,parentId:e$,includeInMenu:a,includeInCategoriesNavigation:a},{id:"83",name:k$,path:"nationwide-shipping\u002Fpantry\u002Ftomatoes\u002Fpasta-sauce",menuLevel:j,parentId:fd,includeInMenu:a,includeInCategoriesNavigation:b},{id:"103",name:"Almond Chocolate",path:"nationwide-shipping\u002Fsweets\u002Fchocolates\u002Falmond-chocolate",menuLevel:j,parentId:he,includeInMenu:a,includeInCategoriesNavigation:b},{id:"106",name:sk,path:"nationwide-shipping\u002Fsweets\u002Fcookies-and-biscotti",menuLevel:f,parentId:dn,includeInMenu:b,includeInCategoriesNavigation:b},{id:"124",name:lp,path:"sale-a-brate\u002Foil-and-vinegar-sale",menuLevel:g,parentId:hf,includeInMenu:b,includeInCategoriesNavigation:b},{id:ik,name:hv,path:"valentine-s-day",menuLevel:e,parentId:cG,includeInMenu:a,includeInCategoriesNavigation:b},{id:"148",name:dC,path:"gifts-holiday-collection\u002Fholiday-gifts-all\u002Fgifts-for-the-home-holiday",menuLevel:f,parentId:dx,includeInMenu:b,includeInCategoriesNavigation:b},{id:"161",name:"Special dinners - Chicago",path:"classes-and-events\u002Fchicago\u002Fspecial-dinners",menuLevel:f,parentId:jp,includeInMenu:a,includeInCategoriesNavigation:a},{id:"214",name:"Acetomodena ",path:"our-producers\u002Facetomodena",menuLevel:g,parentId:t,includeInMenu:a,includeInCategoriesNavigation:b},{id:"308",name:"Condiments",path:"nationwide-shipping\u002Fget-grilling\u002Fget-grilling-condiments",menuLevel:f,parentId:hg,includeInMenu:a,includeInCategoriesNavigation:b},{id:"321",name:"Delicacies",path:"valentine-s-day\u002Fdelicacies",menuLevel:g,parentId:ik,includeInMenu:b,includeInCategoriesNavigation:b},{id:"323",name:kU,path:"easter\u002Fsweets-and-chocolate",menuLevel:g,parentId:fN,includeInMenu:b,includeInCategoriesNavigation:b},{id:"354",name:md,path:"nationwide-shipping\u002Fbakery\u002Feataly-cookies\u002Feataly-honey",menuLevel:f,parentId:il,includeInMenu:b,includeInCategoriesNavigation:b},{id:"364",name:fv,path:"gifts-holiday-collection\u002Fpanettone\u002Fholiday-panettone-chocolate",menuLevel:f,parentId:ff,includeInMenu:b,includeInCategoriesNavigation:b},{id:fO,name:bb,path:"gifts-holiday-collection\u002Fholiday-chocolate-and-sweets",menuLevel:g,parentId:dI,includeInMenu:b,includeInCategoriesNavigation:b},{id:"390",name:cA,path:"nationwide-shipping\u002Fpanettone-italian-desserts\u002Fpanettone-chocolates",menuLevel:f,parentId:fe,includeInMenu:b,includeInCategoriesNavigation:b},{id:"414",name:mc,path:"gifts-holiday-collection\u002Fholiday-chocolate-and-sweets\u002Fholiday-chocolatecookies",menuLevel:f,parentId:fO,includeInMenu:b,includeInCategoriesNavigation:b},{id:"415",name:mc,path:"nationwide-shipping\u002Fchocolate-and-sweets\u002Fgifts-cookies",menuLevel:f,parentId:hh,includeInMenu:b,includeInCategoriesNavigation:b},{id:"422",name:lt,path:"nationwide-shipping\u002Fholiday-hosting-1\u002Ftools-holiday-hosting",menuLevel:f,parentId:dL,includeInMenu:b,includeInCategoriesNavigation:b},{id:"436",name:kS,path:"nationwide-shipping\u002Feataly-icons\u002Feataly-icons-oils-and-sauces",menuLevel:f,parentId:fP,includeInMenu:b,includeInCategoriesNavigation:b},{id:"446",name:"Cookies & Sweets",path:"nationwide-shipping\u002Fholiday-best-sellers-2025\u002Fhbs-cookies-and-sweets",menuLevel:f,parentId:dp,includeInMenu:b,includeInCategoriesNavigation:b},{id:"457",name:A,path:"nationwide-shipping\u002Fpantry\u002Feataly-pantry-sauces-icons",menuLevel:f,parentId:cF,includeInMenu:b,includeInCategoriesNavigation:b},{id:"12",name:dC,path:"nationwide-shipping\u002Fgifts\u002Fgifts-for-the-home",menuLevel:f,parentId:N,includeInMenu:b,includeInCategoriesNavigation:b},{id:"28",name:"Corn Pasta",path:"nationwide-shipping\u002Fpasta\u002Falternative-grains-pasta\u002Fcorn-pasta",menuLevel:j,parentId:dv,includeInMenu:a,includeInCategoriesNavigation:b},{id:"49",name:"Pecorino cheese",path:"nationwide-shipping\u002Fcured-meats-and-cheese\u002Fcheese\u002Fpecorino-cheese",menuLevel:j,parentId:fM,includeInMenu:a,includeInCategoriesNavigation:b},{id:"57",name:"Mortadella",path:"nationwide-shipping\u002Fcured-meats-and-cheese\u002Fcured-meats\u002Fmortadella",menuLevel:j,parentId:dw,includeInMenu:a,includeInCategoriesNavigation:b},{id:"64",name:"Charcuterie and cheese board",path:"nationwide-shipping\u002Fcured-meats-and-cheese\u002Fcharcuterie-and-cheese-board",menuLevel:f,parentId:ij,includeInMenu:a,includeInCategoriesNavigation:b},{id:"73",name:"Delicate & Buttery",path:"nationwide-shipping\u002Foil-and-vinegar\u002Fbuttery-evoo",menuLevel:f,parentId:e$,includeInMenu:a,includeInCategoriesNavigation:a},{id:"88",name:"San Marzano",path:"nationwide-shipping\u002Fpantry\u002Ftomatoes\u002Fsan-marzano",menuLevel:j,parentId:fd,includeInMenu:a,includeInCategoriesNavigation:b},{id:"104",name:kT,path:"nationwide-shipping\u002Fsweets\u002Fchocolates\u002Fhazelnut-chocolate",menuLevel:j,parentId:he,includeInMenu:a,includeInCategoriesNavigation:b},{id:"126",name:"Sale Pasta",path:"sale-a-brate\u002Fsale-pasta",menuLevel:g,parentId:hf,includeInMenu:b,includeInCategoriesNavigation:b},{id:"215",name:"Achillea ",path:"our-producers\u002Fachillea",menuLevel:g,parentId:t,includeInMenu:a,includeInCategoriesNavigation:b},{id:"309",name:"Grill Like A Pro (Equipment & Apparel)",path:"nationwide-shipping\u002Fget-grilling\u002Fgrill-like-a-pro",menuLevel:f,parentId:hg,includeInMenu:a,includeInCategoriesNavigation:b},{id:"311",name:"Sale Items",path:"eataly-sale-items",menuLevel:e,parentId:cG,includeInMenu:a,includeInCategoriesNavigation:a},{id:"322",name:j_,path:"valentine-s-day\u002Fall-valentine-s-day-items",menuLevel:g,parentId:ik,includeInMenu:b,includeInCategoriesNavigation:b},{id:"326",name:"Gift Ideas",path:"easter\u002Fgift-ideas",menuLevel:g,parentId:fN,includeInMenu:b,includeInCategoriesNavigation:b},{id:"329",name:cO,path:"gifts-holiday-collection\u002Fpistachio-day",menuLevel:g,parentId:dI,includeInMenu:b,includeInCategoriesNavigation:b},{id:"355",name:cv,path:"nationwide-shipping\u002Fbakery\u002Feataly-cookies\u002Feataly-honey\u002Fspreads",menuLevel:f,parentId:il,includeInMenu:b,includeInCategoriesNavigation:b},{id:"365",name:hP,path:"gifts-holiday-collection\u002Fpanettone\u002Fholiday-panettone-pistachio",menuLevel:f,parentId:ff,includeInMenu:b,includeInCategoriesNavigation:b},{id:"370",name:bp,path:"gifts-holiday-collection\u002Fholiday-gifts-all\u002Fholiday-gifts-chocolate-lovers",menuLevel:f,parentId:dx,includeInMenu:b,includeInCategoriesNavigation:b},{id:"391",name:hQ,path:"nationwide-shipping\u002Fpanettone-italian-desserts\u002Fpistachio-panettones",menuLevel:f,parentId:fe,includeInMenu:b,includeInCategoriesNavigation:b},{id:hh,name:bb,path:"nationwide-shipping\u002Fchocolate-and-sweets",menuLevel:g,parentId:aR,includeInMenu:b,includeInCategoriesNavigation:b,icon:"\u002Fmedia\u002Fcatalog\u002Fcategory\u002FX5ZAzQ01_1.svg"},{id:"409",name:A,path:"nationwide-shipping\u002Fchocolate-and-sweets\u002Feataly-icon-chocolates",menuLevel:f,parentId:hh,includeInMenu:b,includeInCategoriesNavigation:b},{id:"423",name:cz,path:"nationwide-shipping\u002Fholiday-hosting-1\u002Fdesserts-holiday-hosting",menuLevel:f,parentId:dL,includeInMenu:b,includeInCategoriesNavigation:b},{id:"432",name:"Plates & Bowls",path:"nationwide-shipping\u002Fitalian-home-goods\u002Fplates-and-bowls",menuLevel:f,parentId:fb,includeInMenu:b,includeInCategoriesNavigation:b},{id:"447",name:l,path:"nationwide-shipping\u002Fholiday-best-sellers-2025\u002Fhbs-gift-boxes",menuLevel:f,parentId:dp,includeInMenu:b,includeInCategoriesNavigation:b},{id:"454",name:fw,path:"nationwide-shipping\u002Feataly-icons\u002Feataly-icons-panettone-pandoro",menuLevel:f,parentId:fP,includeInMenu:b,includeInCategoriesNavigation:b},{id:sj,name:"Canned Goods",path:"nationwide-shipping\u002Fpantry\u002Fcanned-goods",menuLevel:f,parentId:cF,includeInMenu:b,includeInCategoriesNavigation:b},{id:"16",name:"Egg Pasta",path:"nationwide-shipping\u002Fpasta\u002Fegg-pasta",menuLevel:f,parentId:fa,includeInMenu:b,includeInCategoriesNavigation:b},{id:"29",name:"Rice Pasta",path:"nationwide-shipping\u002Fpasta\u002Falternative-grains-pasta\u002Frice-pasta",menuLevel:j,parentId:dv,includeInMenu:a,includeInCategoriesNavigation:b},{id:"45",name:kI,path:"nationwide-shipping\u002Fitalian-home-goods\u002Fcandles-and-fragrances",menuLevel:f,parentId:fb,includeInMenu:b,includeInCategoriesNavigation:b},{id:"50",name:"Other Italian cheese",path:"nationwide-shipping\u002Fcured-meats-and-cheese\u002Fcheese\u002Fother-italian-cheese",menuLevel:j,parentId:fM,includeInMenu:a,includeInCategoriesNavigation:b},{id:"62",name:"Speck",path:"nationwide-shipping\u002Fcured-meats-and-cheese\u002Fcured-meats\u002Fspeck",menuLevel:j,parentId:dw,includeInMenu:a,includeInCategoriesNavigation:a},{id:"70",name:"Infused",path:"nationwide-shipping\u002Foil-and-vinegar\u002Finfused-evoo",menuLevel:f,parentId:e$,includeInMenu:a,includeInCategoriesNavigation:a},{id:"87",name:"Sun-Dried",path:"nationwide-shipping\u002Fpantry\u002Ftomatoes\u002Fsun-dried",menuLevel:j,parentId:fd,includeInMenu:a,includeInCategoriesNavigation:b},{id:"105",name:"Vegan chocolate",path:"nationwide-shipping\u002Fsweets\u002Fchocolates\u002Fvegan-chocolate",menuLevel:j,parentId:he,includeInMenu:a,includeInCategoriesNavigation:b},{id:"109",name:md,path:"nationwide-shipping\u002Fsweets\u002Fhoney",menuLevel:f,parentId:dn,includeInMenu:b,includeInCategoriesNavigation:b},{id:"127",name:"Sale Pantry",path:"sale-a-brate\u002Fsale-a-brate-pantry-sale",menuLevel:g,parentId:hf,includeInMenu:b,includeInCategoriesNavigation:b},{id:"170",name:"Parties - NYC Downtown",path:"classes-and-events\u002Fnyc-downtown\u002Fparties",menuLevel:f,parentId:jo,includeInMenu:a,includeInCategoriesNavigation:a},{id:"216",name:lv,path:"our-producers\u002Fafeltra",menuLevel:g,parentId:t,includeInMenu:a,includeInCategoriesNavigation:b},{id:"310",name:"Grilling Gifts",path:"nationwide-shipping\u002Fget-grilling\u002Fgrilling-gifts",menuLevel:f,parentId:hg,includeInMenu:a,includeInCategoriesNavigation:b},{id:"327",name:lu,path:"easter\u002Fpantry-to-impress",menuLevel:g,parentId:fN,includeInMenu:b,includeInCategoriesNavigation:b},{id:"337",name:"Monthly Offers",path:"monthly-offers",menuLevel:e,parentId:cG,includeInMenu:a,includeInCategoriesNavigation:a},{id:"366",name:"Gluten Free Panettone",path:"gifts-holiday-collection\u002Fpanettone\u002Fholiday-panettone-gluten-free",menuLevel:f,parentId:ff,includeInMenu:b,includeInCategoriesNavigation:b},{id:"371",name:sq,path:"gifts-holiday-collection\u002Fholiday-gifts-all\u002Fholiday-gifts-coffee-lovers",menuLevel:f,parentId:dx,includeInMenu:b,includeInCategoriesNavigation:b},{id:"383",name:"Nuts & Fruit",path:"gifts-holiday-collection\u002Fholiday-chocolate-and-sweets\u002Fholiday-chocolate-nuts-fruit",menuLevel:f,parentId:fO,includeInMenu:b,includeInCategoriesNavigation:b},{id:mb,name:lr,path:"gifts-holiday-collection\u002Fholiday-truffles-caviar",menuLevel:g,parentId:dI,includeInMenu:b,includeInCategoriesNavigation:b},{id:"402",name:"Gluten Free",path:"nationwide-shipping\u002Fpanettone-italian-desserts\u002Fgluten-free-panettones",menuLevel:f,parentId:fe,includeInMenu:b,includeInCategoriesNavigation:b},{id:"405",name:bp,path:"nationwide-shipping\u002Fgifts\u002Fchocolate-lover-gifts",menuLevel:f,parentId:N,includeInMenu:b,includeInCategoriesNavigation:b},{id:"411",name:bQ,path:"nationwide-shipping\u002Fchocolate-and-sweets\u002Fall-gourmet-chocolate",menuLevel:f,parentId:hh,includeInMenu:b,includeInCategoriesNavigation:b},{id:"424",name:fA,path:"nationwide-shipping\u002Fholiday-hosting-1\u002Ffirst-course",menuLevel:f,parentId:dL,includeInMenu:b,includeInCategoriesNavigation:b},{id:"448",name:I,path:"nationwide-shipping\u002Fholiday-best-sellers-2025\u002Fhbs-oil-and-vinegar",menuLevel:f,parentId:dp,includeInMenu:b,includeInCategoriesNavigation:b},{id:"455",name:"Eataly Coffee & Espresso",path:"nationwide-shipping\u002Feataly-icons\u002Feataly-icons-coffee-espressp",menuLevel:f,parentId:fP,includeInMenu:b,includeInCategoriesNavigation:b},{id:fP,name:A,path:"nationwide-shipping\u002Feataly-icons",menuLevel:g,parentId:aR,includeInMenu:b,includeInCategoriesNavigation:b,icon:"\u002Fmedia\u002Fcatalog\u002Fcategory\u002FSignatures.svg"},{id:"92",name:"Rice",path:"nationwide-shipping\u002Fpantry\u002Frice",menuLevel:f,parentId:cF,includeInMenu:b,includeInCategoriesNavigation:b},{id:"17",name:"Flavored Pasta",path:"nationwide-shipping\u002Fpasta\u002Fflavored-pasta",menuLevel:f,parentId:fa,includeInMenu:b,includeInCategoriesNavigation:b},{id:nO,name:"Tumeric Pasta",path:"nationwide-shipping\u002Fpasta\u002Falternative-grains-pasta\u002Ftumeric-pasta",menuLevel:j,parentId:dv,includeInMenu:a,includeInCategoriesNavigation:b},{id:"44",name:"Soaps & Lotions",path:"nationwide-shipping\u002Fitalian-home-goods\u002Fbeauty",menuLevel:f,parentId:fb,includeInMenu:b,includeInCategoriesNavigation:b},{id:"51",name:"Non-Italian cheese",path:"nationwide-shipping\u002Fcured-meats-and-cheese\u002Fcheese\u002Fnon-italian-cheese",menuLevel:j,parentId:fM,includeInMenu:a,includeInCategoriesNavigation:a},{id:"53",name:"Bresaola",path:"nationwide-shipping\u002Fcured-meats-and-cheese\u002Fcured-meats\u002Fbresaola",menuLevel:j,parentId:dw,includeInMenu:a,includeInCategoriesNavigation:a},{id:"74",name:eS,path:"nationwide-shipping\u002Foil-and-vinegar\u002Fvinegars",menuLevel:f,parentId:e$,includeInMenu:b,includeInCategoriesNavigation:b},{id:"84",name:"Paste",path:"nationwide-shipping\u002Fpantry\u002Ftomatoes\u002Fpaste",menuLevel:j,parentId:fd,includeInMenu:a,includeInCategoriesNavigation:b},{id:"110",name:ld,path:"nationwide-shipping\u002Fsweets\u002Fpreserves",menuLevel:f,parentId:dn,includeInMenu:a,includeInCategoriesNavigation:a},{id:"145",name:cl,path:"gifts-holiday-collection\u002Fholiday-sweets",menuLevel:g,parentId:dI,includeInMenu:a,includeInCategoriesNavigation:a},{id:"217",name:"AOP Agriform",path:"our-producers\u002Faop-agriform",menuLevel:g,parentId:t,includeInMenu:a,includeInCategoriesNavigation:b},{id:"328",name:"Treat Yourself",path:"easter\u002Feaster-delicacies",menuLevel:g,parentId:fN,includeInMenu:b,includeInCategoriesNavigation:b},{id:"359",name:cq,path:"nationwide-shipping\u002Feataly-caffe-icons",menuLevel:g,parentId:aR,includeInMenu:b,includeInCategoriesNavigation:b,icon:"\u002Fmedia\u002Fcatalog\u002Fcategory\u002Fimages.svg"},{id:"369",name:bJ,path:"gifts-holiday-collection\u002Fholiday-gifts-all\u002Fholiday-gifts-pasta-lovers",menuLevel:f,parentId:dx,includeInMenu:b,includeInCategoriesNavigation:b},{id:"384",name:A,path:"gifts-holiday-collection\u002Fholiday-chocolate-and-sweets\u002Fholiday-chocolate-eataly-icons",menuLevel:f,parentId:fO,includeInMenu:b,includeInCategoriesNavigation:b},{id:"407",name:sq,path:"nationwide-shipping\u002Fgifts\u002Fcoffee-lovers",menuLevel:f,parentId:N,includeInMenu:b,includeInCategoriesNavigation:b},{id:"425",name:so,path:"nationwide-shipping\u002Fholiday-hosting-1\u002Fserveware",menuLevel:f,parentId:dL,includeInMenu:b,includeInCategoriesNavigation:b},{id:"428",name:eO,path:"nationwide-shipping\u002Fpanettone-italian-desserts\u002Fpandoro-italian-desserts",menuLevel:f,parentId:fe,includeInMenu:b,includeInCategoriesNavigation:b},{id:"430",name:eO,path:"gifts-holiday-collection\u002Fpanettone\u002Fgifts-all-pandoro",menuLevel:f,parentId:ff,includeInMenu:b,includeInCategoriesNavigation:b},{id:"449",name:cp,path:"nationwide-shipping\u002Fholiday-best-sellers-2025\u002Fhbs-panettone-and-pandoro",menuLevel:f,parentId:dp,includeInMenu:b,includeInCategoriesNavigation:b},{id:"456",name:"Eataly Sauces",path:"nationwide-shipping\u002Feataly-icons\u002Feataly-icon-sauces",menuLevel:f,parentId:fP,includeInMenu:b,includeInCategoriesNavigation:b},{id:"91",name:ka,path:"nationwide-shipping\u002Fpantry\u002Folives-pickles-and-peppers",menuLevel:f,parentId:cF,includeInMenu:b,includeInCategoriesNavigation:b},{id:"23",name:"Gluten-Free Pasta",path:"nationwide-shipping\u002Fpasta\u002Fgluten-free-pasta",menuLevel:f,parentId:fa,includeInMenu:b,includeInCategoriesNavigation:b},{id:kF,name:"Chickpea Pasta",path:"nationwide-shipping\u002Fpasta\u002Falternative-grains-pasta\u002Fchickpea-pasta",menuLevel:j,parentId:dv,includeInMenu:a,includeInCategoriesNavigation:b},{id:"54",name:"Coppa",path:"nationwide-shipping\u002Fcured-meats-and-cheese\u002Fcured-meats\u002Fcoppa",menuLevel:j,parentId:dw,includeInMenu:a,includeInCategoriesNavigation:b},{id:"82",name:"Ketchup",path:"nationwide-shipping\u002Fpantry\u002Ftomatoes\u002Fketchup",menuLevel:j,parentId:fd,includeInMenu:a,includeInCategoriesNavigation:b},{id:"111",name:cv,path:"nationwide-shipping\u002Fsweets\u002Fspreads",menuLevel:f,parentId:dn,includeInMenu:a,includeInCategoriesNavigation:a},{id:"133",name:hV,path:"sale-tember",menuLevel:e,parentId:cG,includeInMenu:a,includeInCategoriesNavigation:b},{id:"218",name:"Agostino Recca",path:"our-producers\u002Fagostino-recca",menuLevel:g,parentId:t,includeInMenu:a,includeInCategoriesNavigation:b},{id:"330",name:"Easter Dinner",path:"easter\u002Feaster-meat",menuLevel:g,parentId:fN,includeInMenu:b,includeInCategoriesNavigation:b},{id:"367",name:A,path:"gifts-holiday-collection\u002Fpanettone\u002Fholiday-panettone-eataly-icons",menuLevel:f,parentId:ff,includeInMenu:b,includeInCategoriesNavigation:b},{id:"375",name:aK,path:"gifts-holiday-collection\u002Fholiday-gifts-all\u002Fthe-best-of-eataly-holiday",menuLevel:f,parentId:dx,includeInMenu:b,includeInCategoriesNavigation:b},{id:"403",name:A,path:"nationwide-shipping\u002Fpanettone-italian-desserts\u002Feataly-iconic-panettones",menuLevel:f,parentId:fe,includeInMenu:b,includeInCategoriesNavigation:b},{id:"406",name:bJ,path:"nationwide-shipping\u002Fgifts\u002Fpasta-lovers",menuLevel:f,parentId:N,includeInMenu:b,includeInCategoriesNavigation:b},{id:"413",name:bQ,path:"gifts-holiday-collection\u002Fholiday-chocolate-and-sweets\u002Fall-chocolate-gourmet-gifts",menuLevel:f,parentId:fO,includeInMenu:b,includeInCategoriesNavigation:b},{id:"426",name:jh,path:"nationwide-shipping\u002Fholiday-hosting-1\u002Fdrinkware",menuLevel:f,parentId:dL,includeInMenu:b,includeInCategoriesNavigation:b},{id:"438",name:me,path:"gifts-holiday-collection\u002Feataly-e-gift-card-holiday",menuLevel:g,parentId:dI,includeInMenu:b,includeInCategoriesNavigation:b},{id:dp,name:s,path:"nationwide-shipping\u002Fholiday-best-sellers-2025",menuLevel:g,parentId:aR,includeInMenu:b,includeInCategoriesNavigation:b,icon:"\u002Fmedia\u002Fcatalog\u002Fcategory\u002Fchristmas-tree.svg"},{id:"450",name:ej,path:"nationwide-shipping\u002Fholiday-best-sellers-2025\u002Fhbs-pasta-and-sauces",menuLevel:f,parentId:dp,includeInMenu:b,includeInCategoriesNavigation:b},{id:"93",name:"Flour and Polenta",path:"nationwide-shipping\u002Fpantry\u002Fflour-and-polenta",menuLevel:f,parentId:cF,includeInMenu:b,includeInCategoriesNavigation:b},{id:lN,name:Y,path:lO,menuLevel:g,parentId:aR,includeInMenu:b,includeInCategoriesNavigation:b,icon:"\u002Fmedia\u002Fcatalog\u002Fcategory\u002Fbest-sellers.svg"},{id:dv,name:"Alternative Grains Pasta",path:"nationwide-shipping\u002Fpasta\u002Falternative-grains-pasta",menuLevel:f,parentId:fa,includeInMenu:b,includeInCategoriesNavigation:b},{id:"32",name:"Buckwheat Pasta",path:"nationwide-shipping\u002Fpasta\u002Falternative-grains-pasta\u002Fbuckwheat-pasta",menuLevel:j,parentId:dv,includeInMenu:a,includeInCategoriesNavigation:b},{id:"58",name:"Pancetta",path:"nationwide-shipping\u002Fcured-meats-and-cheese\u002Fcured-meats\u002Fpancetta",menuLevel:j,parentId:dw,includeInMenu:a,includeInCategoriesNavigation:a},{id:"219",name:"Agricola Del Sole",path:"our-producers\u002Fagricola-del-sole",menuLevel:g,parentId:t,includeInMenu:a,includeInCategoriesNavigation:b},{id:"347",name:"Breadsticks & Crackers",path:"nationwide-shipping\u002Fsweets\u002Fbreadsticks-and-crackers",menuLevel:f,parentId:dn,includeInMenu:b,includeInCategoriesNavigation:b},{id:"412",name:aK,path:"nationwide-shipping\u002Fgifts\u002Fthe-best-of-eataly-gifts",menuLevel:f,parentId:N,includeInMenu:b,includeInCategoriesNavigation:b},{id:"427",name:"Finishing Touches",path:"nationwide-shipping\u002Fholiday-hosting-1\u002Ffinishing-touches",menuLevel:f,parentId:dL,includeInMenu:b,includeInCategoriesNavigation:b},{id:"439",name:cm,path:"gifts-holiday-collection\u002F12-days-of-eataly",menuLevel:g,parentId:dI,includeInMenu:b,includeInCategoriesNavigation:b},{id:"451",name:"Savory Snacks",path:"nationwide-shipping\u002Fholiday-best-sellers-2025\u002Fhbs-savory-snacks",menuLevel:f,parentId:dp,includeInMenu:b,includeInCategoriesNavigation:b},{id:"348",name:"Canned Seafood",path:"nationwide-shipping\u002Fpantry\u002Fcanned-seafood",menuLevel:f,parentId:cF,includeInMenu:b,includeInCategoriesNavigation:b},{id:"33",name:"Grano Arso Pasta",path:"nationwide-shipping\u002Fpasta\u002Falternative-grains-pasta\u002Fgrano-arso-pasta",menuLevel:j,parentId:dv,includeInMenu:a,includeInCategoriesNavigation:b},{id:"59",name:"Porchetta",path:"nationwide-shipping\u002Fcured-meats-and-cheese\u002Fcured-meats\u002Fporchetta",menuLevel:j,parentId:dw,includeInMenu:a,includeInCategoriesNavigation:b},{id:"112",name:"Nougat \u002F Torrone",path:"nationwide-shipping\u002Fsweets\u002Fnougat",menuLevel:f,parentId:dn,includeInMenu:a,includeInCategoriesNavigation:a},{id:"220",name:"Amarelli",path:"our-producers\u002Famarelli",menuLevel:g,parentId:t,includeInMenu:b,includeInCategoriesNavigation:b},{id:"356",name:dq,path:"nationwide-shipping\u002Fgifts\u002Fgifts-under-125",menuLevel:f,parentId:N,includeInMenu:b,includeInCategoriesNavigation:b},{id:"417",name:be,path:"nationwide-shipping\u002Fholiday-hosting-1\u002Fholiday-hosting-all",menuLevel:f,parentId:dL,includeInMenu:b,includeInCategoriesNavigation:b},{id:"453",name:fz,path:"nationwide-shipping\u002Fholiday-best-sellers-2025\u002Fhbs-sweet-spreads",menuLevel:f,parentId:dp,includeInMenu:b,includeInCategoriesNavigation:b},{id:"94",name:"Salt and Spices",path:"nationwide-shipping\u002Fpantry\u002Fsalt-and-spices",menuLevel:f,parentId:cF,includeInMenu:b,includeInCategoriesNavigation:b},{id:"34",name:"Whole Wheat Pasta",path:"nationwide-shipping\u002Fpasta\u002Falternative-grains-pasta\u002Fwhole-wheat-pasta",menuLevel:j,parentId:dv,includeInMenu:a,includeInCategoriesNavigation:b},{id:"61",name:"Salami",path:"nationwide-shipping\u002Fcured-meats-and-cheese\u002Fcured-meats\u002Fsalami",menuLevel:j,parentId:dw,includeInMenu:a,includeInCategoriesNavigation:b},{id:hf,name:h_,path:"sale-a-brate",menuLevel:e,parentId:cG,includeInMenu:a,includeInCategoriesNavigation:a},{id:"152",name:cT,path:"nationwide-shipping\u002Fsweets\u002Fholiday-desserts",menuLevel:f,parentId:dn,includeInMenu:a,includeInCategoriesNavigation:a},{id:"221",name:"Antica Torroneria Piemontese ",path:"our-producers\u002Fantica-torroneria-piemontese",menuLevel:g,parentId:t,includeInMenu:a,includeInCategoriesNavigation:b},{id:dL,name:bf,path:"nationwide-shipping\u002Fholiday-hosting-1",menuLevel:g,parentId:aR,includeInMenu:b,includeInCategoriesNavigation:b,icon:"\u002Fmedia\u002Fcatalog\u002Fcategory\u002Ffile.svg"},{id:"443",name:bV,path:"nationwide-shipping\u002Fholiday-best-sellers-2025\u002Fhbs-thoughtful-gifts",menuLevel:f,parentId:dp,includeInMenu:b,includeInCategoriesNavigation:b},{id:"95",name:"Crackers and Potato Chips",path:"nationwide-shipping\u002Fpantry\u002Fcrackers-and-potato-chips",menuLevel:f,parentId:cF,includeInMenu:a,includeInCategoriesNavigation:a},{id:"222",name:kf,path:"our-producers\u002Fbonifanti",menuLevel:g,parentId:t,includeInMenu:a,includeInCategoriesNavigation:b},{id:"376",name:dr,path:"gifts-holiday-collection\u002Fholiday-gifts-all\u002Funder-125-holiday",menuLevel:f,parentId:dx,includeInMenu:b,includeInCategoriesNavigation:b},{id:"431",name:hR,path:"nationwide-shipping\u002Fstocking-stuffers",menuLevel:g,parentId:aR,includeInMenu:b,includeInCategoriesNavigation:b,icon:"\u002Fmedia\u002Fcatalog\u002Fcategory\u002Ffile_2_.svg"},{id:"433",name:cO,path:"nationwide-shipping\u002Fsweets\u002Fpistachio-favorites",menuLevel:f,parentId:dn,includeInMenu:b,includeInCategoriesNavigation:b},{id:"452",name:B,path:"nationwide-shipping\u002Fholiday-best-sellers-2025\u002Fshop-all-holiday-best-sellers",menuLevel:f,parentId:dp,includeInMenu:b,includeInCategoriesNavigation:b},{id:"349",name:md,path:"nationwide-shipping\u002Fpantry\u002Fcanned-seafood\u002Feataly-honey",menuLevel:f,parentId:cF,includeInMenu:b,includeInCategoriesNavigation:b},{id:"9",name:dZ,path:"nationwide-shipping\u002Fgifts\u002Folive-oil-vinegar-gifts",menuLevel:f,parentId:N,includeInMenu:b,includeInCategoriesNavigation:b},{id:"77",name:bT,path:"gifts",menuLevel:e,parentId:cG,includeInMenu:a,includeInCategoriesNavigation:b},{id:"223",name:"Caffarel",path:"our-producers\u002Fcaffarel",menuLevel:g,parentId:t,includeInMenu:a,includeInCategoriesNavigation:b},{id:"301",name:fy,path:"nationwide-shipping\u002Fmothers-day",menuLevel:g,parentId:aR,includeInMenu:a,includeInCategoriesNavigation:b,icon:"\u002Fmedia\u002Fcatalog\u002Fcategory\u002F55-512.svg"},{id:"378",name:I,path:"gifts-holiday-collection\u002Fholiday-gifts-all\u002Folive-oil-vinegars-holiday",menuLevel:f,parentId:dx,includeInMenu:b,includeInCategoriesNavigation:b},{id:"6",name:me,path:"nationwide-shipping\u002Fgifts\u002Feataly-e-gift-card",menuLevel:f,parentId:N,includeInMenu:b,includeInCategoriesNavigation:b},{id:dI,name:h,path:"gifts-holiday-collection",menuLevel:e,parentId:cG,includeInMenu:b,includeInCategoriesNavigation:b},{id:"224",name:"Vergnano",path:"our-producers\u002Fvergnano",menuLevel:g,parentId:t,includeInMenu:a,includeInCategoriesNavigation:b},{id:"437",name:me,path:"gifts-holiday-collection\u002Fholiday-gifts-all\u002Fholiday-eataly-e-gift-card",menuLevel:f,parentId:dx,includeInMenu:b,includeInCategoriesNavigation:b},{id:"97",name:cB,path:"nationwide-shipping\u002Fpantry\u002Fitalian-pasta",menuLevel:f,parentId:cF,includeInMenu:a,includeInCategoriesNavigation:a},{id:"225",name:"Barbero",path:"our-producers\u002Fbarbero",menuLevel:g,parentId:t,includeInMenu:a,includeInCategoriesNavigation:b},{id:"98",name:eS,path:"nationwide-shipping\u002Fpantry\u002Fitalian-vinegars",menuLevel:f,parentId:cF,includeInMenu:a,includeInCategoriesNavigation:a},{id:"79",name:"Bundles, Cases, and Packs",path:"nationwide-shipping\u002Fbundles-cases-packs",menuLevel:g,parentId:aR,includeInMenu:b,includeInCategoriesNavigation:b},{id:"139",name:"Black Friday",path:"black-friday",menuLevel:e,parentId:cG,includeInMenu:a,includeInCategoriesNavigation:b},{id:"226",name:"De Carlo",path:"our-producers\u002Fde-carlo",menuLevel:g,parentId:t,includeInMenu:a,includeInCategoriesNavigation:b},{id:"140",name:"Cyber Monday",path:"cyber-monday",menuLevel:e,parentId:cG,includeInMenu:a,includeInCategoriesNavigation:b},{id:"227",name:"Domori",path:"our-producers\u002Fdomori",menuLevel:g,parentId:t,includeInMenu:a,includeInCategoriesNavigation:b},{id:"324",name:"Best of Easter",path:"nationwide-shipping\u002Fbest-of-easter",menuLevel:g,parentId:aR,includeInMenu:a,includeInCategoriesNavigation:a},{id:fa,name:cB,path:qb,menuLevel:g,parentId:aR,includeInMenu:b,includeInCategoriesNavigation:b},{id:"228",name:"Duca d'Alba",path:"our-producers\u002Fduca-d-alba",menuLevel:g,parentId:t,includeInMenu:a,includeInCategoriesNavigation:b},{id:e$,name:I,path:"nationwide-shipping\u002Foil-and-vinegar",menuLevel:g,parentId:aR,includeInMenu:b,includeInCategoriesNavigation:b},{id:"150",name:"Thanksgiving Feast",path:"thanksgiving-feast",menuLevel:e,parentId:cG,includeInMenu:a,includeInCategoriesNavigation:b},{id:"229",name:"Fabbri",path:"our-producers\u002Ffabbri",menuLevel:g,parentId:t,includeInMenu:a,includeInCategoriesNavigation:b},{id:t,name:"Eataly Producers",path:"our-producers",menuLevel:e,parentId:cG,includeInMenu:a,includeInCategoriesNavigation:b},{id:"230",name:"Fabbrica Del Panforte",path:"our-producers\u002Ffabbrica-del-panforte",menuLevel:g,parentId:t,includeInMenu:a,includeInCategoriesNavigation:b},{id:il,name:hT,path:"nationwide-shipping\u002Fbakery",menuLevel:g,parentId:aR,includeInMenu:b,includeInCategoriesNavigation:b},{id:cH,name:gL,path:qd,menuLevel:g,parentId:aR,includeInMenu:b,includeInCategoriesNavigation:b},{id:"231",name:"Figul",path:"our-producers\u002Ffiguli",menuLevel:g,parentId:t,includeInMenu:a,includeInCategoriesNavigation:b},{id:"336",name:ds,path:"sale-bration",menuLevel:e,parentId:cG,includeInMenu:a,includeInCategoriesNavigation:b},{id:"232",name:"Garofalo",path:"our-producers\u002Fgarofalo",menuLevel:g,parentId:t,includeInMenu:a,includeInCategoriesNavigation:b},{id:"304",name:"Dolce & Gabbana Corporate",path:"dolce-e-gabbana",menuLevel:e,parentId:cG,includeInMenu:a,includeInCategoriesNavigation:a},{id:"233",name:"Giraudi",path:"our-producers\u002Fgiraudi",menuLevel:g,parentId:t,includeInMenu:b,includeInCategoriesNavigation:b},{id:cF,name:ce,path:qa,menuLevel:g,parentId:aR,includeInMenu:b,includeInCategoriesNavigation:b},{id:dn,name:bR,path:qc,menuLevel:g,parentId:aR,includeInMenu:b,includeInCategoriesNavigation:b},{id:"234",name:"Golosi Di Salute",path:"our-producers\u002Fgolosi-di-salute",menuLevel:g,parentId:t,includeInMenu:a,includeInCategoriesNavigation:b},{id:"235",name:"Guzzini",path:"our-producers\u002Fguzzini",menuLevel:g,parentId:t,includeInMenu:a,includeInCategoriesNavigation:b},{id:"236",name:"Huehuetenango",path:"our-producers\u002Fhuehuetenango",menuLevel:g,parentId:t,includeInMenu:a,includeInCategoriesNavigation:b},{id:qk,name:ja,path:ql,menuLevel:g,parentId:aR,includeInMenu:b,includeInCategoriesNavigation:b},{id:"237",name:"Il Boschetto",path:"our-producers\u002Fil-boschetto",menuLevel:g,parentId:t,includeInMenu:a,includeInCategoriesNavigation:b},{id:qm,name:qo,path:qn,menuLevel:g,parentId:aR,includeInMenu:b,includeInCategoriesNavigation:b},{id:"238",name:"Il Mercante Di Spezie",path:"our-producers\u002Fil-mercante-di-spezie",menuLevel:g,parentId:t,includeInMenu:a,includeInCategoriesNavigation:b},{id:"239",name:"Il Mongetto",path:"our-producers\u002Fil-mongetto",menuLevel:g,parentId:t,includeInMenu:a,includeInCategoriesNavigation:b},{id:hg,name:"Get Grilling",path:"nationwide-shipping\u002Fget-grilling",menuLevel:g,parentId:aR,includeInMenu:a,includeInCategoriesNavigation:a},{id:qi,name:lP,path:qj,menuLevel:g,parentId:aR,includeInMenu:b,includeInCategoriesNavigation:b},{id:"240",name:"Il Pastaio Di Gragnano",path:"our-producers\u002Fil-pastaio-di-gragnano",menuLevel:g,parentId:t,includeInMenu:a,includeInCategoriesNavigation:b},{id:qg,name:gK,path:qh,menuLevel:g,parentId:aR,includeInMenu:b,includeInCategoriesNavigation:b},{id:"241",name:"La Nicchia",path:"our-producers\u002Fla-nicchia",menuLevel:g,parentId:t,includeInMenu:a,includeInCategoriesNavigation:b},{id:hN,name:"Meats",path:qe,menuLevel:g,parentId:aR,includeInMenu:b,includeInCategoriesNavigation:b},{id:"242",name:"La Via Del T",path:"our-producers\u002Fla-via-del-te",menuLevel:g,parentId:t,includeInMenu:a,includeInCategoriesNavigation:b},{id:ij,name:"Cured Meats & Cheese",path:"nationwide-shipping\u002Fcured-meats-and-cheese",menuLevel:g,parentId:aR,includeInMenu:a,includeInCategoriesNavigation:b},{id:"244",name:"Leone",path:"our-producers\u002Fleone",menuLevel:g,parentId:t,includeInMenu:a,includeInCategoriesNavigation:b},{id:fb,name:gx,path:qp,menuLevel:g,parentId:aR,includeInMenu:b,includeInCategoriesNavigation:b},{id:"245",name:"Loacker",path:"our-producers\u002Floacker",menuLevel:g,parentId:t,includeInMenu:a,includeInCategoriesNavigation:b},{id:"247",name:"Lurisia",path:"our-producers\u002Flurisia",menuLevel:g,parentId:t,includeInMenu:a,includeInCategoriesNavigation:b},{id:"357",name:"Tote Bags",path:"nationwide-shipping\u002Fitalian-home-goods\u002Fhome-style-and-living\u002Ftote-bags",menuLevel:g,parentId:aR,includeInMenu:b,includeInCategoriesNavigation:b},{id:"248",name:"Mandranova",path:"our-producers\u002Fmandranova",menuLevel:g,parentId:t,includeInMenu:a,includeInCategoriesNavigation:b},{id:"249",name:"Marvis",path:"our-producers\u002Fmarvis",menuLevel:g,parentId:t,includeInMenu:a,includeInCategoriesNavigation:b},{id:"250",name:"Mieli Thun",path:"our-producers\u002Fmieli-thun",menuLevel:g,parentId:t,includeInMenu:a,includeInCategoriesNavigation:b},{id:"251",name:"Monograno Felicetti",path:"our-producers\u002Fmonograno-felicetti",menuLevel:g,parentId:t,includeInMenu:a,includeInCategoriesNavigation:b},{id:"252",name:"Montosco",path:"our-producers\u002Fmontosco",menuLevel:g,parentId:t,includeInMenu:a,includeInCategoriesNavigation:b},{id:"253",name:"Mulino Bianco",path:"our-producers\u002Fmulino-bianco",menuLevel:g,parentId:t,includeInMenu:a,includeInCategoriesNavigation:b},{id:"254",name:"Mutti",path:"our-producers\u002Fmutti",menuLevel:g,parentId:t,includeInMenu:a,includeInCategoriesNavigation:b},{id:"255",name:"Niasca Portofino",path:"our-producers\u002Fniasca-portofino",menuLevel:g,parentId:t,includeInMenu:a,includeInCategoriesNavigation:b},{id:"256",name:"Perugina",path:"our-producers\u002Fperugina",menuLevel:g,parentId:t,includeInMenu:a,includeInCategoriesNavigation:b},{id:"257",name:"Ponti",path:"our-producers\u002Fponti",menuLevel:g,parentId:t,includeInMenu:a,includeInCategoriesNavigation:b},{id:"258",name:"Mariangela Prunotto ",path:"our-producers\u002Fmariangela-prunotto",menuLevel:g,parentId:t,includeInMenu:a,includeInCategoriesNavigation:b},{id:"259",name:"Rigorosa",path:"our-producers\u002Frigorosa",menuLevel:g,parentId:t,includeInMenu:a,includeInCategoriesNavigation:b},{id:"260",name:"Riolfi",path:"our-producers\u002Friolfi",menuLevel:g,parentId:t,includeInMenu:a,includeInCategoriesNavigation:b},{id:"261",name:"Roi",path:"our-producers\u002Froi",menuLevel:g,parentId:t,includeInMenu:a,includeInCategoriesNavigation:b},{id:"262",name:"Sabad",path:"our-producers\u002Fsabadi",menuLevel:g,parentId:t,includeInMenu:a,includeInCategoriesNavigation:b},{id:"263",name:"Sorelle Nurzia",path:"our-producers\u002Fsorelle-nurzia",menuLevel:g,parentId:t,includeInMenu:a,includeInCategoriesNavigation:b},{id:"264",name:"Tartuflanghe",path:"our-producers\u002Ftartuflanghe",menuLevel:g,parentId:t,includeInMenu:a,includeInCategoriesNavigation:b},{id:"265",name:pe,path:"our-producers\u002Furbani",menuLevel:g,parentId:t,includeInMenu:a,includeInCategoriesNavigation:b},{id:"266",name:"Valverbe",path:"our-producers\u002Fvalverbe",menuLevel:g,parentId:t,includeInMenu:a,includeInCategoriesNavigation:b},{id:"267",name:"Venchi",path:"our-producers\u002Fvenchi",menuLevel:g,parentId:t,includeInMenu:a,includeInCategoriesNavigation:b},{id:"268",name:"Villa Manodori",path:"our-producers\u002Fvilla-manodori",menuLevel:g,parentId:t,includeInMenu:a,includeInCategoriesNavigation:b},{id:"269",name:"Lidia Bastianich",path:"our-producers\u002Flidia-bastianich",menuLevel:g,parentId:t,includeInMenu:a,includeInCategoriesNavigation:b},{id:"270",name:"Lavazza",path:"our-producers\u002Flavazza",menuLevel:g,parentId:t,includeInMenu:a,includeInCategoriesNavigation:b},{id:"271",name:"Vicenzi",path:"our-producers\u002Fvicenzi",menuLevel:g,parentId:t,includeInMenu:a,includeInCategoriesNavigation:b},{id:"272",name:"La Dispensa di Amerigo",path:"our-producers\u002Fla-dispensa-di-amerigo",menuLevel:g,parentId:t,includeInMenu:a,includeInCategoriesNavigation:b},{id:"273",name:"Michelis",path:"our-producers\u002Fmichelis",menuLevel:g,parentId:t,includeInMenu:a,includeInCategoriesNavigation:b},{id:"274",name:"Monini",path:"our-producers\u002Fmonini",menuLevel:g,parentId:t,includeInMenu:a,includeInCategoriesNavigation:b},{id:"275",name:"Cos Com'",path:"our-producers\u002Fcosi-com-e",menuLevel:g,parentId:t,includeInMenu:a,includeInCategoriesNavigation:b},{id:"276",name:"San Carlo",path:"our-producers\u002Fsan-carlo",menuLevel:g,parentId:t,includeInMenu:a,includeInCategoriesNavigation:b},{id:"277",name:"Icons of European Taste",path:"our-producers\u002Ficons-of-european-taste",menuLevel:g,parentId:t,includeInMenu:a,includeInCategoriesNavigation:b}],eventsItems:[{id:"events:0",name:im,goToLabel:"Go to Classes and Events",backToLabel:js,path:"classes-and-events",childrenItems:[{id:sr,name:qs,goToLabel:c,externalLink:"https:\u002F\u002Fwww.eataly.com\u002Fus_en\u002Fclasses-and-events\u002Fnyc-flatiron",externalLinkTargetBlank:a},{id:ss,name:qt,goToLabel:c,externalLink:"https:\u002F\u002Fwww.eataly.com\u002Fus_en\u002Fclasses-and-events\u002Fnyc-downtown",externalLinkTargetBlank:a},{id:st,name:lQ,goToLabel:c,externalLink:qu,externalLinkTargetBlank:a},{id:su,name:gS,goToLabel:c,externalLink:"https:\u002F\u002Fwww.eataly.com\u002Fus_en\u002Fclasses-and-events\u002Fchicago",externalLinkTargetBlank:a},{id:"editorial:0:4",name:gT,goToLabel:c,externalLink:"https:\u002F\u002Fwww.eataly.com\u002Fus_en\u002Fclasses-and-events\u002Fboston",externalLinkTargetBlank:a},{id:"editorial:0:5",name:gU,goToLabel:c,externalLink:"https:\u002F\u002Fwww.eataly.com\u002Fus_en\u002Fclasses-and-events\u002Flos-angeles",externalLinkTargetBlank:a},{id:"editorial:0:6",name:gV,goToLabel:c,externalLink:"https:\u002F\u002Fwww.eataly.com\u002Fus_en\u002Fclasses-and-events\u002Flas-vegas",externalLinkTargetBlank:a},{id:"editorial:0:7",name:gW,goToLabel:c,externalLink:"https:\u002F\u002Fwww.eataly.com\u002Fus_en\u002Fclasses-and-events\u002Fdallas",externalLinkTargetBlank:a},{id:"editorial:0:8",name:gX,goToLabel:c,externalLink:"https:\u002F\u002Fwww.eataly.com\u002Fus_en\u002Fclasses-and-events\u002Fsilicon-valley",externalLinkTargetBlank:a},{id:"editorial:0:9",name:gY,goToLabel:c,externalLink:qv,externalLinkTargetBlank:a},{id:"editorial:0:10",name:jq,goToLabel:c,externalLink:qw,externalLinkTargetBlank:a},{id:"editorial:0:11",name:fG,goToLabel:c,externalLink:qx,externalLinkTargetBlank:a},{id:"editorial:0:12",name:ig,goToLabel:c,externalLink:qy,externalLinkTargetBlank:a}]}],editorialItems:[{id:"editorial:0",name:"Local Delivery",goToLabel:"Go to Local Delivery",backToLabel:js,weight:e,path:"local-delivery",childrenItems:[{id:sr,name:"Grocery Delivery by Instacart",goToLabel:c,externalLink:sf,externalLinkTargetBlank:b},{id:ss,name:"Restaurant Delivery & Takeout",goToLabel:c,externalLink:sg,externalLinkTargetBlank:b},{id:st,name:sv,goToLabel:c,externalLink:jm,externalLinkTargetBlank:b},{id:su,name:hi,goToLabel:c,path:"catering"}]},{id:"editorial:1",name:bG,goToLabel:"All Stores",backToLabel:"Main Menu",weight:g,path:bk,childrenItems:[{id:"editorial:1:0",name:qI,goToLabel:"Explore Eataly in New York City",path:lW,childrenItems:[{id:"editorial:1:0:0",name:"Eataly Flatiron",path:"stores\u002Fnyc-flatiron"},{id:"editorial:1:0:1",name:"Eataly Downtown",path:"stores\u002Fnyc-downtown"},{id:"editorial:1:0:2",name:"Eataly SoHo",path:"stores\u002Fnyc-soho"}]},{id:"editorial:1:1",name:gS,goToLabel:"Explore Eataly Chicago",path:"stores\u002Fchicago",childrenItems:[{id:"editorial:1:1:0",name:em,path:sw},{id:"editorial:1:1:1",name:fg,path:"stores\u002Fchicago\u002Fchicago-private-dining-events"},{id:"editorial:1:1:2",name:hi,path:"stores\u002Fchicago\u002Fchicago-catering"},{id:"editorial:1:1:3",name:fQ,path:"stores\u002Fchicago\u002Fwine-shop-chicago"}]},{id:"editorial:1:2",name:gT,goToLabel:"Explore Eataly Boston",path:"stores\u002Fboston",childrenItems:[{id:"editorial:1:2:0",name:em,path:sx},{id:"editorial:1:2:1",name:fg,path:"stores\u002Fboston\u002Fboston-private-dining-events"},{id:"editorial:1:2:2",name:hi,path:"stores\u002Fboston\u002Fboston-catering"},{id:"editorial:1:2:3",name:fQ,path:"stores\u002Fboston\u002Fwine-shop-boston"}]},{id:"editorial:1:3",name:gU,goToLabel:"Explore Eataly Los Angeles",path:"stores\u002Flos-angeles",childrenItems:[{id:"editorial:1:3:0",name:em,path:sy},{id:"editorial:1:3:1",name:fg,path:"stores\u002Flos-angeles\u002Flos-angeles-private-dining-events"},{id:"editorial:1:3:2",name:hi,path:"stores\u002Flos-angeles\u002Flosangeles-catering"},{id:"editorial:1:3:3",name:fQ,path:"stores\u002Flos-angeles\u002Fwine-shop-los-angeles"}]},{id:"editorial:1:4",name:gV,goToLabel:"Explore Eataly Las Vegas",path:"stores\u002Flas-vegas",childrenItems:[{id:"editorial:1:4:0",name:em,path:sz},{id:"editorial:1:4:1",name:fg,path:"stores\u002Flas-vegas\u002Flas-vegas-private-dining-events"},{id:"editorial:1:4:2",name:fQ,path:"stores\u002Flas-vegas\u002Fwine-shop-las-vegas"}]},{id:"editorial:1:5",name:gW,goToLabel:"Explore Eataly Dallas",path:"stores\u002Fdallas",childrenItems:[{id:"editorial:1:5:0",name:em,path:sA},{id:"editorial:1:5:1",name:fg,path:"stores\u002Fdallas\u002Fprivate-dining-events"},{id:"editorial:1:5:2",name:hi,path:"stores\u002Fdallas\u002Fcatering"},{id:"editorial:1:5:3",name:fQ,path:"stores\u002Fdallas\u002Fwine-shop-dallas"}]},{id:"editorial:1:6",name:gX,goToLabel:"Explore Eataly Silicon Valley",path:"stores\u002Fsilicon-valley",childrenItems:[{id:"editorial:1:6:0",name:em,path:sB},{id:"editorial:1:6:1",name:fg,path:"stores\u002Fsilicon-valley\u002Fsilicon-valley-private-dining-events"},{id:"editorial:1:6:2",name:hi,path:"stores\u002Fsilicon-valley\u002Fsiliconvalley-catering"},{id:"editorial:1:6:3",name:fQ,path:"stores\u002Fsilicon-valley\u002Fwine-shop-silicon-valley"}]},{id:"editorial:1:7",name:gY,goToLabel:"Explore Eataly Short Hills",path:"stores\u002Fshort-hills",childrenItems:[{id:"editorial:1:7:0",name:mf,path:sC},{id:"editorial:1:7:1",name:fg,path:"stores\u002Fshort-hills\u002Fprivate-dining-experiences"}]},{id:"editorial:1:8",name:"Miami",goToLabel:"Explore Eataly Aventura",path:"stores\u002Faventura",childrenItems:[{id:"editorial:1:8:0",name:em,path:sD},{id:"editorial:1:8:1",name:fg,path:"stores\u002Faventura\u002Fprivate-dining-events"},{id:"editorial:1:8:2",name:fQ,path:"stores\u002Faventura\u002Fwine-shop-aventura"}]},{id:"editorial:1:9",name:fG,goToLabel:"Explore Eataly King of Prussia",path:"stores\u002Fking-prussia",childrenItems:[{id:"editorial:1:9:0",name:mf,path:sE}]},{id:"editorial:1:10",name:jr,goToLabel:"Explore Eataly Caff",path:lX,childrenItems:[{id:"editorial:1:10:0",name:"Eataly Caff Rockefeller Center",path:"stores\u002Fcaffe-rockefeller-center"},{id:"editorial:1:10:1",name:"Eataly Caff Hudson Yards",path:"stores\u002Fcaffe-hudson-yards"}]},{id:"editorial:1:11",name:ig,goToLabel:"Explore West Palm Beach",path:"stores\u002Fwest-palm-beach",childrenItems:[{id:"editorial:1:11:0",name:em,path:sF}]}]},{id:"editorial:2",name:sG,goToLabel:sG,backToLabel:js,weight:f,path:"about-eataly\u002Feataly-restaurants",childrenItems:[{id:"editorial:2:0",name:"NYC Flatiron Restaurants",goToLabel:"Go to NYC Flatiron Restaurants",path:"stores\u002Fnyc-flatiron\u002Frestaurants"},{id:"editorial:2:1",name:"NYC Downtown Restaurants",goToLabel:"Go to NYC Downtown Restaurants",path:"stores\u002Fnyc-downtown\u002Frestaurants"},{id:"editorial:2:2",name:"SoHo Restaurant",goToLabel:"Go to SoHo Restaurant",path:"stores\u002Fnyc-soho\u002Frestaurants"},{id:"editorial:2:3",name:"Chicago Restaurants",goToLabel:"Go to Chicago Restaurants",path:sw},{id:"editorial:2:4",name:"Boston Restaurants",goToLabel:"Go to Boston Restaurants",path:sx},{id:"editorial:2:5",name:"Los Angeles Restaurants",goToLabel:"Go to Los Angeles Restaurants",path:sy},{id:"editorial:2:6",name:"Las Vegas Restaurants",goToLabel:"Go to Las Vegas Restaurants",path:sz},{id:"editorial:2:7",name:"Dallas Restaurants",goToLabel:"Go to Dallas Restaurants",path:sA},{id:"editorial:2:8",name:"Silicon Valley Restaurants",goToLabel:"Go to Silicon Valley Restaurants",path:sB},{id:"editorial:2:9",name:"Short Hills Restaurant",goToLabel:"Go to Short Hills Restaurant",path:sC},{id:"editorial:2:10",name:"Aventura Restaurants",goToLabel:"Go to Aventura Restaurants",path:sD},{id:"editorial:2:11",name:"King of Prussia Restaurant",goToLabel:"Go to King of Prussia Restaurant",path:sE},{id:"editorial:2:12",name:"West Palm Beach Restaurants",goToLabel:"Go to West Palm Beach Restaurants",path:sF}]}],activeItemsStack:[],megaMenuHover:a,iconsSvgData:{"/media/catalog/category/file.svg":"\u003Csvg version=\"1.1\" id=\"Layer_1\" xmlns=\"http:\u002F\u002Fwww.w3.org\u002F2000\u002Fsvg\" xmlns:xlink=\"http:\u002F\u002Fwww.w3.org\u002F1999\u002Fxlink\" x=\"0px\" y=\"0px\"\n\t width=\"100%\" viewBox=\"0 0 608 608\" enable-background=\"new 0 0 608 608\" xml:space=\"preserve\"\u003E\n\u003Cpath fill=\"#000000\" opacity=\"1.000000\" stroke=\"none\" \n\td=\"\nM135.453003,364.606232 \n\tC140.619324,373.003967 145.638611,381.066254 150.552444,389.192261 \n\tC153.764847,394.504639 152.171814,397.266571 145.890045,397.317963 \n\tC137.057373,397.390259 128.223648,397.329620 119.390793,397.388763 \n\tC117.277817,397.402893 114.454262,397.110138 114.605286,400.247833 \n\tC114.732864,402.898499 117.328049,402.689697 119.314484,402.712616 \n\tC122.980637,402.754944 126.701469,403.128815 130.301956,402.642395 \n\tC136.185760,401.847443 139.370255,404.542877 142.185959,409.377380 \n\tC148.388794,420.027496 155.161819,430.343994 161.566879,440.878876 \n\tC163.306610,443.740356 165.403122,444.964355 168.845413,444.976654 \n\tC184.877060,445.033813 184.869354,445.126770 184.866882,429.029938 \n\tC184.863098,404.363678 184.861145,379.697388 184.879440,355.031128 \n\tC184.884689,347.968964 185.896866,347.036591 193.019836,347.040985 \n\tC228.508804,347.062958 263.997986,347.013062 299.486511,347.147278 \n\tC304.340973,347.165619 308.018372,345.666687 311.453156,342.216064 \n\tC333.542603,320.024536 355.778137,297.978424 377.963440,275.882294 \n\tC382.760223,271.104858 383.314972,271.146942 387.900574,275.811401 \n\tC405.656342,293.872498 423.305389,312.042694 441.320923,329.841553 \n\tC446.100494,334.563660 448.148834,339.518738 448.100128,346.144043 \n\tC447.877258,376.475037 447.970032,406.808319 447.939911,437.140778 \n\tC447.932220,444.876251 447.952637,444.414398 455.652527,445.022888 \n\tC462.822083,445.589447 467.192261,443.444916 470.624451,436.753967 \n\tC476.151672,425.978912 482.859131,415.809235 489.076508,405.369385 \n\tC487.127197,403.433960 485.024963,404.390137 483.157074,404.173615 \n\tC480.448212,403.859650 477.189056,405.036438 475.535553,401.838074 \n\tC474.053070,398.970428 476.228821,396.777832 477.557465,394.544891 \n\tC483.605835,384.379944 489.704895,374.245178 495.774139,364.092651 \n\tC496.278351,363.249237 496.696259,362.354187 497.106903,361.573273 \n\tC496.232727,359.778381 494.725372,360.338898 493.501831,360.280914 \n\tC486.221466,359.936035 484.978424,357.668213 488.762115,351.270477 \n\tC493.765869,342.809662 498.846619,334.394348 503.903320,325.964905 \n\tC506.045715,322.393616 508.047363,318.722809 510.412201,315.304199 \n\tC512.803711,311.846985 515.103516,311.893799 517.318970,315.509949 \n\tC524.977905,328.011017 532.551331,340.565948 540.004639,353.190521 \n\tC542.369690,357.196564 540.697388,359.947571 535.940918,360.124664 \n\tC531.114136,360.304321 526.275818,360.160004 521.442993,360.203156 \n\tC519.769470,360.218079 517.671326,360.187439 517.664124,362.438751 \n\tC517.656860,364.706757 519.836914,364.970428 521.414429,364.611664 \n\tC530.923950,362.448792 535.009460,368.315857 538.761719,375.514526 \n\tC542.373962,382.444580 546.778076,388.957245 550.663757,395.750793 \n\tC553.924255,401.451294 552.324402,404.114166 545.737732,404.158722 \n\tC538.738464,404.206055 531.738281,404.095673 524.738708,404.120697 \n\tC522.938965,404.127136 520.601440,403.995789 520.675476,406.593353 \n\tC520.740234,408.864136 522.912964,408.597473 524.551025,408.679901 \n\tC525.216125,408.713409 525.884094,408.691864 526.550720,408.695679 \n\tC540.695862,408.776642 540.659851,408.797638 547.887085,421.202362 \n\tC551.744568,427.823242 555.881165,434.284271 559.633057,440.962799 \n\tC561.332092,443.987122 563.509583,445.186157 566.900574,444.994690 \n\tC570.555481,444.788269 574.236450,444.829956 577.896240,444.988617 \n\tC581.182861,445.131104 585.414307,443.992065 585.312256,449.697235 \n\tC585.215210,455.122406 581.194458,453.974884 578.082092,453.980255 \n\tC534.082947,454.056274 490.083740,454.089508 446.084534,454.092529 \n\tC308.586823,454.101929 171.089127,454.104248 33.591457,454.034729 \n\tC30.120623,454.032959 24.996786,455.648926 24.955873,449.505463 \n\tC24.914062,443.226685 30.316362,444.576416 33.521999,445.112946 \n\tC45.663631,447.145081 52.819252,442.097900 58.128620,431.339569 \n\tC63.119709,421.226166 69.853722,411.974457 75.784241,402.321106 \n\tC76.542381,401.087036 77.737076,399.980927 77.397636,398.022461 \n\tC74.124924,396.704315 70.600754,397.498077 67.175591,397.349792 \n\tC61.498569,397.104095 59.849155,394.255524 62.970406,389.082092 \n\tC69.596855,378.098816 76.483871,367.272858 83.254410,356.376373 \n\tC84.724770,354.010010 86.450027,351.755249 87.020401,348.943237 \n\tC85.025726,347.567413 82.937897,347.807892 81.022957,347.665039 \n\tC74.426697,347.172913 73.184067,344.980988 76.702095,339.185516 \n\tC82.234459,330.071808 87.902184,321.040222 93.518402,311.977478 \n\tC96.502739,307.161774 99.411041,302.295776 102.516403,297.559174 \n\tC105.341560,293.249969 108.268524,293.117157 110.959297,297.390442 \n\tC119.925354,311.629639 128.781067,325.939667 137.532120,340.312042 \n\tC140.215256,344.718719 138.665665,347.260529 133.499756,347.353729 \n\tC127.668343,347.458923 121.833351,347.349701 116.000793,347.413849 \n\tC113.654076,347.439667 110.688553,347.486481 110.812515,350.619751 \n\tC110.918694,353.303375 113.880882,353.072449 115.652023,352.711212 \n\tC125.780830,350.645447 131.482849,355.775421 135.453003,364.606232 \nM328.670654,357.436493 \n\tC342.131531,357.325409 355.590607,357.428802 369.055145,357.233002 \n\tC390.330261,356.923584 411.617676,357.444397 432.899628,357.638123 \n\tC436.797699,357.673615 439.578400,356.262482 439.425140,351.977325 \n\tC439.283051,348.002960 437.017242,346.282043 432.854797,346.294769 \n\tC398.413147,346.400024 363.971100,346.355438 329.529144,346.383698 \n\tC326.836456,346.385895 323.900330,346.367340 323.418518,349.994843 \n\tC322.945068,353.558777 323.358093,356.788086 328.670654,357.436493 \nM383.498779,303.377014 \n\tC378.685364,303.381378 373.869965,303.300201 369.059082,303.412750 \n\tC363.596527,303.540558 357.690033,308.301025 356.079926,313.681793 \n\tC361.593781,315.711853 407.272461,315.149292 410.635406,312.722900 \n\tC406.486450,307.663910 402.657257,302.586761 394.946960,303.317169 \n\tC391.492249,303.644409 387.981049,303.375671 383.498779,303.377014 \nM356.083069,442.956940 \n\tC360.525391,443.017670 361.128540,440.130432 361.026917,436.612488 \n\tC360.915649,432.760223 358.666504,431.428009 355.177917,431.429688 \n\tC346.382935,431.433960 337.587799,431.464478 328.793091,431.415283 \n\tC324.762390,431.392731 323.251221,433.356110 323.230835,437.285645 \n\tC323.210297,441.253418 324.665710,443.060822 328.786011,442.997253 \n\tC337.578552,442.861511 346.375000,442.974915 356.083069,442.956940 \nM353.223450,410.330170 \n\tC344.898926,410.341736 336.574341,410.374390 328.249908,410.355774 \n\tC324.234619,410.346802 323.227539,412.659210 323.263031,416.198486 \n\tC323.296173,419.502716 324.140717,421.723175 327.983643,421.702637 \n\tC337.306885,421.652771 346.630737,421.651611 355.953979,421.700745 \n\tC359.285706,421.718292 360.764709,420.072083 361.010956,416.874695 \n\tC361.386688,411.995972 359.971405,410.599731 353.223450,410.330170 \nM361.031708,373.416046 \n\tC361.306000,368.868103 359.039642,367.221710 354.649933,367.302826 \n\tC345.987823,367.462952 337.320099,367.401489 328.655701,367.322205 \n\tC324.849518,367.287384 323.302612,368.990570 323.252258,372.776367 \n\tC323.201141,376.616699 324.317688,378.790131 328.592834,378.736481 \n\tC337.589630,378.623566 346.589142,378.684021 355.587158,378.736389 \n\tC358.720032,378.754608 360.740051,377.615601 361.031708,373.416046 \nM361.308807,392.980835 \n\tC360.711029,389.512939 358.154816,389.119537 355.309418,389.125763 \n\tC346.487244,389.145172 337.663513,389.244110 328.843414,389.111908 \n\tC324.323059,389.044159 323.183289,391.345398 323.260803,395.375549 \n\tC323.344879,399.747864 325.780823,400.760773 329.460327,400.478699 \n\tC337.606537,399.854279 345.753723,399.966949 353.902832,400.399170 \n\tC359.454559,400.693665 360.733612,399.558014 361.308807,392.980835 \nM429.392761,442.921753 \n\tC430.886658,442.899689 432.385040,442.793427 433.873596,442.872162 \n\tC437.577667,443.068146 439.424530,441.414185 439.571167,437.663025 \n\tC439.721771,433.810608 438.066742,431.520966 434.165649,431.465973 \n\tC426.365021,431.356018 418.560242,431.371826 410.759674,431.494873 \n\tC406.801727,431.557312 405.991974,434.251129 406.008972,437.657776 \n\tC406.026215,441.103790 407.327209,442.952423 410.988403,442.909058 \n\tC416.797974,442.840240 422.609161,442.910675 429.392761,442.921753 \nM436.530884,421.511261 \n\tC439.930756,419.782867 439.847534,416.963135 439.017487,413.832947 \n\tC438.120239,410.449036 435.546021,410.298431 432.747314,410.317566 \n\tC425.601227,410.366364 418.454285,410.392181 411.308441,410.334412 \n\tC407.514954,410.303741 405.794373,412.277802 405.770569,415.839813 \n\tC405.746490,419.441498 406.948700,421.857452 411.277771,421.753601 \n\tC419.416718,421.558289 427.562683,421.656921 436.530884,421.511261 \nM408.391815,378.382294 \n\tC416.685699,378.497711 424.980347,378.577301 433.273163,378.744690 \n\tC437.057495,378.821075 439.361938,377.485901 439.249420,373.312897 \n\tC439.141602,369.315308 437.481720,367.193939 433.150604,367.308655 \n\tC426.511658,367.484528 419.864563,367.336334 413.221069,367.361298 \n\tC405.890991,367.388824 403.812988,371.368011 408.391815,378.382294 \nM430.328430,335.547607 \n\tC431.045532,335.009033 431.660461,334.209534 431.061340,333.456573 \n\tC427.984772,329.590302 425.160553,325.265137 419.398773,325.214172 \n\tC413.598083,325.162842 407.796661,325.201569 401.995728,325.170746 \n\tC398.768494,325.153595 396.542084,326.143524 396.346863,329.877380 \n\tC396.151703,333.610718 397.527496,336.408661 401.382965,336.439270 \n\tC410.807251,336.514191 420.266968,337.401642 430.328430,335.547607 \nM421.312042,400.256165 \n\tC425.613495,400.337128 429.915192,400.490234 434.216370,400.477722 \n\tC438.114502,400.466400 439.288330,397.913757 439.291534,394.530853 \n\tC439.294617,391.306854 438.197235,389.090454 434.412323,389.126526 \n\tC426.459351,389.202393 418.505157,389.176147 410.551575,389.152740 \n\tC406.657806,389.141296 405.967987,391.553192 406.021973,394.759155 \n\tC406.074677,397.887299 406.681946,400.505829 410.533752,400.503387 \n\tC413.843048,400.501282 417.152222,400.316254 421.312042,400.256165 \nM341.038849,336.544769 \n\tC348.511658,336.560760 355.984589,336.611664 363.457184,336.578979 \n\tC367.610962,336.560822 369.499786,334.114471 369.456482,330.222168 \n\tC369.414368,326.435333 367.027374,325.120880 363.493988,325.179138 \n\tC358.845551,325.255829 354.179840,325.428955 349.549225,325.130920 \n\tC344.678314,324.817413 340.734009,326.196991 337.714661,330.047089 \n\tC336.552338,331.529175 333.999420,332.511108 334.949646,334.848450 \n\tC335.864685,337.099304 338.301941,336.490417 341.038849,336.544769 \nM222.932968,383.223969 \n\tC223.112610,389.308014 227.769760,387.560791 231.029465,387.582794 \n\tC242.563782,387.660767 241.838089,389.310822 241.666916,375.875061 \n\tC241.649567,374.513184 241.426102,373.287323 239.980865,372.557587 \n\tC231.840500,368.447083 223.008057,373.496857 222.932968,383.223969 \nM267.252899,372.950256 \n\tC263.383087,371.582153 259.387054,372.343140 255.443375,372.279236 \n\tC254.008591,372.255981 252.609940,372.877563 252.539566,374.419312 \n\tC252.374084,378.045532 252.186493,381.720673 252.603790,385.306702 \n\tC252.901413,387.864075 255.522324,387.886749 257.421967,387.575378 \n\tC261.786163,386.859955 267.653992,390.255432 270.217834,385.518951 \n\tC272.071228,382.095032 272.478760,376.699554 267.252899,372.950256 \nM252.280273,401.283356 \n\tC252.285156,403.947632 252.313797,406.612122 252.287460,409.276093 \n\tC252.266312,411.414734 253.049133,412.911896 255.382141,412.929565 \n\tC258.873962,412.956055 262.409973,413.161041 265.848236,412.700531 \n\tC269.965759,412.149048 271.042908,408.866852 270.878235,405.263184 \n\tC270.753510,402.533569 272.365265,398.774872 267.946533,397.878784 \n\tC263.519287,396.980927 258.993927,397.330688 254.511566,397.655487 \n\tC252.863983,397.774841 252.364166,399.011444 252.280273,401.283356 \nM241.540146,400.120544 \n\tC240.938736,398.034943 239.184097,398.035065 237.527725,397.969360 \n\tC234.875443,397.864044 232.219391,397.857239 229.565735,397.780945 \n\tC226.328781,397.687897 223.148575,397.311157 222.910034,402.150879 \n\tC222.562241,409.206512 224.052948,412.216339 228.829483,412.879517 \n\tC240.883331,414.553070 241.887360,413.662170 241.673004,401.481750 \n\tC241.670090,401.315918 241.658081,401.150238 241.540146,400.120544 \nM378.632996,290.139740 \n\tC379.661407,294.466888 384.835846,295.111267 388.919220,291.420715 \n\tC384.577637,284.477448 383.159454,284.207245 378.632996,290.139740 \nz\"\u002F\u003E\n\u003Cpath fill=\"#000000\" opacity=\"1.000000\" stroke=\"none\" \n\td=\"\nM449.336548,315.664307 \n\tC454.281494,320.644836 458.967010,325.384796 463.685883,330.091339 \n\tC466.209015,332.607880 467.596161,335.505676 464.744934,338.371460 \n\tC461.691467,341.440613 459.150299,339.325806 456.716125,336.854858 \n\tC434.266968,314.066071 411.766876,291.327423 389.279877,268.575897 \n\tC388.928680,268.220551 388.553040,267.889465 388.194397,267.541290 \n\tC382.663910,262.172821 382.544800,262.126373 377.090820,267.540710 \n\tC354.272919,290.192932 331.417023,312.807739 308.750977,335.611145 \n\tC304.846130,339.539642 300.657349,340.519928 295.330414,340.515198 \n\tC260.342285,340.483978 225.353943,340.775604 190.365524,340.930603 \n\tC186.202911,340.949036 182.032318,340.894043 177.879837,340.638580 \n\tC176.171997,340.533539 173.990784,340.890533 173.092606,338.730530 \n\tC172.168777,336.508881 173.522446,334.937805 174.902512,333.418945 \n\tC180.503784,327.254303 186.065262,321.053253 191.693390,314.913300 \n\tC209.363922,295.635864 227.076675,276.397125 244.722733,257.097351 \n\tC247.367523,254.204681 250.449997,252.680740 254.377426,252.713760 \n\tC260.042572,252.761398 265.712616,252.831619 271.372284,252.643097 \n\tC273.713989,252.565109 277.192383,253.972961 278.121033,251.110382 \n\tC279.249847,247.630814 279.706085,243.699799 277.372864,240.107346 \n\tC273.300262,233.836807 275.456177,226.988876 276.106293,220.395981 \n\tC276.314301,218.287033 279.019226,217.901840 281.080627,217.898254 \n\tC295.577698,217.873062 310.074860,217.871902 324.571930,217.897659 \n\tC328.440552,217.904526 330.522400,219.857437 330.292664,223.797974 \n\tC329.948639,229.698959 331.543610,235.784317 328.462402,241.455322 \n\tC327.885437,242.517227 328.157410,244.071304 328.137451,245.399765 \n\tC328.029663,252.570908 328.159760,252.707626 335.232452,252.711899 \n\tC349.396606,252.720459 363.570282,253.019104 377.720734,252.578278 \n\tC384.537476,252.365936 389.429810,254.848770 394.000427,259.530457 \n\tC412.272308,278.246429 430.712891,296.797668 449.336548,315.664307 \nM305.232788,244.232452 \n\tC305.205322,251.871567 304.710022,259.533569 306.203949,267.327454 \n\tC311.829834,261.712311 320.868988,258.938599 319.349609,248.478333 \n\tC318.953552,245.751297 320.209045,242.250885 316.648346,241.402023 \n\tC312.850677,240.496643 308.435822,238.869827 305.232788,244.232452 \nM316.167358,231.682373 \n\tC316.660767,231.678284 317.155457,231.695236 317.647400,231.666245 \n\tC319.268646,231.570709 321.344086,231.799377 321.329498,229.466125 \n\tC321.315063,227.164566 319.251495,227.291199 317.624023,227.267593 \n\tC314.500153,227.222260 311.374146,227.228058 308.250702,227.293259 \n\tC306.831421,227.322876 305.524384,227.854401 305.562500,229.524918 \n\tC305.601105,231.217255 306.974213,231.585037 308.372986,231.620331 \n\tC310.674377,231.678391 312.977539,231.664169 316.167358,231.682373 \nz\"\u002F\u003E\n\u003Cpath fill=\"#000000\" opacity=\"1.000000\" stroke=\"none\" \n\td=\"\nM284.743774,126.390793 \n\tC278.366699,122.281334 273.408142,117.525429 272.528137,109.870766 \n\tC272.325256,108.106369 271.997620,105.934547 273.928040,104.910088 \n\tC276.025330,103.797066 277.296234,105.638191 278.524139,106.943489 \n\tC285.749023,114.623924 295.155182,116.707794 305.131439,117.753647 \n\tC318.319855,119.136261 331.787903,118.226189 344.628296,122.573982 \n\tC353.949585,125.730186 360.456940,131.403442 362.738586,141.376709 \n\tC364.664642,149.795868 361.074860,159.312286 353.836609,164.137360 \n\tC347.290161,168.501236 339.904968,170.520554 332.223694,171.218475 \n\tC315.145599,172.770233 298.009918,173.322876 280.863861,173.297546 \n\tC276.164917,173.290604 271.581085,174.082199 266.974060,174.700027 \n\tC264.869232,174.982300 262.779938,175.784790 260.823181,176.662476 \n\tC258.496155,177.706223 256.303955,179.205399 256.469116,182.166275 \n\tC256.622986,184.925110 258.874451,186.095825 261.108704,186.809372 \n\tC266.493103,188.528915 271.967621,189.964645 277.365112,191.645355 \n\tC281.173523,192.831268 284.956268,194.125259 288.676056,195.563400 \n\tC292.946320,197.214401 296.658966,199.809555 299.303833,203.559555 \n\tC300.926056,205.859573 302.528290,208.794159 300.032806,211.293030 \n\tC297.666534,213.662521 295.407501,211.303146 293.380463,210.026520 \n\tC284.287048,204.299454 273.763702,204.164261 263.672150,202.391953 \n\tC258.903992,201.554550 254.201874,200.600922 249.733276,198.688568 \n\tC241.524094,195.175369 236.307816,189.270508 236.220291,180.093689 \n\tC236.137436,171.408813 240.809891,165.267075 248.420944,161.548950 \n\tC258.217072,156.763306 268.907898,155.939941 279.552917,155.762497 \n\tC295.037231,155.504364 310.502472,155.146759 325.930023,153.708557 \n\tC329.274994,153.396744 332.523163,152.665176 335.610535,151.435898 \n\tC338.112305,150.439789 340.437988,148.993652 340.635132,145.828491 \n\tC340.846008,142.441696 338.701843,140.627167 335.996094,139.414032 \n\tC330.468475,136.935745 324.517426,136.162430 318.583771,135.344772 \n\tC307.062500,133.757095 295.404846,132.674835 284.743774,126.390793 \nz\"\u002F\u003E\n\u003Cpath fill=\"#000000\" opacity=\"1.000000\" stroke=\"none\" \n\td=\"\nM414.073853,155.885361 \n\tC415.873810,155.035446 417.370941,154.744644 418.497314,156.172836 \n\tC419.985626,158.059860 419.055725,159.935226 418.187531,161.769485 \n\tC413.670441,171.313095 413.898712,180.685684 419.179138,189.894180 \n\tC424.924500,199.913406 436.327362,205.413788 447.818604,204.079971 \n\tC450.621185,203.754639 454.569885,201.061295 456.255707,205.183289 \n\tC457.876526,209.146271 453.677795,210.932129 451.287048,212.882294 \n\tC436.093689,225.275696 413.145477,221.913681 402.033142,205.833038 \n\tC390.212067,188.726807 395.379883,166.720688 414.073853,155.885361 \nz\"\u002F\u003E\n\u003Cpath fill=\"#000000\" opacity=\"1.000000\" stroke=\"none\" \n\td=\"\nM176.654831,198.690369 \n\tC179.207840,197.044662 181.290771,195.534073 182.688675,193.078110 \n\tC184.603531,189.713898 187.266907,189.840988 189.391418,192.748489 \n\tC190.994492,194.942383 192.666428,196.756790 195.005051,198.230148 \n\tC198.253174,200.276520 197.914703,203.020386 194.883636,204.977600 \n\tC192.569992,206.471558 190.797485,208.215591 189.297165,210.507477 \n\tC187.538620,213.193878 184.880295,213.166855 183.113876,210.779327 \n\tC181.395691,208.456985 179.660843,206.449951 177.166061,204.921127 \n\tC174.738571,203.433563 174.645050,201.193481 176.654831,198.690369 \nz\"\u002F\u003E\n\u003Cpath fill=\"#000000\" opacity=\"1.000000\" stroke=\"none\" \n\td=\"\nM483.517822,241.009491 \n\tC485.357849,236.686142 489.661926,235.020584 492.074249,231.441345 \n\tC493.263672,229.676514 495.935364,230.759247 496.920807,232.834808 \n\tC497.989655,235.085999 499.798950,236.336121 501.703613,237.682663 \n\tC505.102844,240.085876 505.126831,242.119171 501.697662,244.607788 \n\tC499.790375,245.991959 498.132050,247.453079 496.892914,249.499481 \n\tC495.707245,251.457611 493.050659,252.478683 491.933044,250.695618 \n\tC489.627686,247.017502 485.237305,245.400940 483.517822,241.009491 \nz\"\u002F\u003E\n\u003Cpath fill=\"#000000\" opacity=\"1.000000\" stroke=\"none\" \n\td=\"\nM468.669678,141.868622 \n\tC467.150482,145.498810 464.139008,147.955505 461.558441,149.514954 \n\tC456.516907,152.561600 455.204742,145.802322 451.894714,143.898483 \n\tC449.534851,142.541153 450.724609,139.921814 452.795502,138.105865 \n\tC460.525543,131.327362 461.517212,131.385071 468.102814,139.648315 \n\tC468.485199,140.128128 468.519104,140.885696 468.669678,141.868622 \nz\"\u002F\u003E\n\u003Cpath fill=\"#000000\" opacity=\"1.000000\" stroke=\"none\" \n\td=\"\nM153.658508,248.611816 \n\tC152.767990,249.791840 152.032516,250.674438 151.195358,251.446854 \n\tC144.852325,257.299347 142.861938,257.083435 137.770920,250.036392 \n\tC137.577484,249.768646 137.298172,249.512314 137.230347,249.211960 \n\tC136.046295,243.968353 141.808868,243.447876 143.633469,240.125320 \n\tC144.551147,238.454269 147.530075,239.383926 148.545792,241.429489 \n\tC149.865387,244.087021 153.914108,244.574249 153.658508,248.611816 \nz\"\u002F\u003E\n\u003C\u002Fsvg\u003E","/media/catalog/category/best-sellers.svg":"\u003C?xml version=\"1.0\" encoding=\"utf-8\"?\u003E\n\u003C!-- Generator: Adobe Illustrator 28.2.0, SVG Export Plug-In . SVG Version: 6.00 Build 0)  --\u003E\n\u003Csvg version=\"1.1\" id=\"Layer_1\" xmlns=\"http:\u002F\u002Fwww.w3.org\u002F2000\u002Fsvg\" xmlns:xlink=\"http:\u002F\u002Fwww.w3.org\u002F1999\u002Fxlink\" x=\"0px\" y=\"0px\"\n\t viewBox=\"0 0 500 500\" style=\"enable-background:new 0 0 500 500;\" xml:space=\"preserve\"\u003E\n\u003Cstyle type=\"text\u002Fcss\"\u003E\n\t.st0{fill:#010101;}\n\u003C\u002Fstyle\u003E\n\u003Cpath class=\"st0\" d=\"M822.98,113.55c-16.91-33.25-36.07-47.34-52.98-49.59c-13.52-2.25-24.79,3.38-30.43,11.27\n\tc-5.07,7.33-5.63,16.34,1.69,23.67h0.56c6.2,6.76,18.04,11.83,35.5,14.65h30.99l0,0H822.98z M862.99,113.55h14.65l0,0h30.99\n\tc17.47-2.82,29.3-7.89,35.5-14.65h0.56c7.32-7.33,6.76-16.34,1.69-23.67c-5.63-7.89-16.9-13.52-30.43-11.27\n\tC899.05,66.21,879.89,80.3,862.99,113.55L862.99,113.55z M877.64,461.81h-69.31H657.3c-6.2,0-11.83-5.07-11.83-11.27v-220.9H634.2\n\tc-6.77,0-11.84-5.07-11.84-11.27v-92.98c0-6.76,5.07-11.83,11.84-11.83h89.6c-15.21-16.34-14.09-36.07-3.38-51.28\n\tc10.71-14.65,30.43-24.79,52.97-21.42c23.11,3.38,49.02,20.85,69.87,61.42c20.29-40.57,46.21-58.04,69.32-61.42\n\tc22.54-3.38,42.26,6.76,52.97,21.42c10.71,15.21,11.83,34.94-3.38,51.28h89.6c6.76,0,11.83,5.07,11.83,11.83v92.98\n\tc0,6.2-5.07,11.27-11.83,11.27h-11.27v220.9c0,6.2-5.07,11.27-11.83,11.27H877.64z M844.96,136.65h-3.95\n\tc-7.32,1.13-14.65,1.69-21.41,1.69v80.02V438.7h46.77V218.36v-80.02C859.6,138.35,852.28,137.78,844.96,136.65L844.96,136.65z\n\t M1017.39,438.7V229.64H889.47V438.7H1017.39z M668.57,438.7H796.5V229.64H668.57V438.7z M777.9,136.65H645.47v69.88h11.83H796.5\n\tv-68.19C789.73,138.35,783.53,137.78,777.9,136.65L777.9,136.65z M1040.5,136.65H908.07c-5.63,1.13-11.84,1.69-18.6,1.69v68.19\n\th139.19h11.83V136.65z\"\u002F\u003E\n\u003Cpath class=\"st0\" d=\"M248.03,26.32c48.81,0,93.02,19.52,125.18,51.68c32.16,32.16,52.25,76.37,52.25,125.75\n\tc0,38.47-12.63,74.07-33.3,102.79l76.94,76.37c1.72,1.72,3.45,4.59,3.45,8.04c0,6.32-5.17,11.48-11.49,12.06l-59.72,1.15v59.72\n\tc0,2.87-1.15,5.74-3.44,8.04c-4.59,4.59-12.06,4.59-16.65,0l-95.32-95.32c-12.06,2.87-25.26,4.59-37.9,4.59\n\tc-12.06,0-23.54-1.15-35.03-3.45l-94.17,94.17c-4.59,4.59-12.06,4.59-16.65,0c-2.3-2.3-4.02-5.17-4.02-8.04v-59.72l-59.14-1.15\n\tc-6.32-0.58-11.48-5.74-11.48-12.06c0-3.44,1.15-6.32,3.45-8.04l74.07-73.5C83.23,279.55,70.6,243.38,70.6,203.76\n\tc0-49.38,19.52-93.6,51.68-125.75C154.44,45.85,198.65,26.32,248.03,26.32L248.03,26.32z M258.37,96.38l26.99,53.4l58.57,9.19\n\tc6.89,1.15,10.91,6.89,10.33,13.21c-0.57,2.87-1.72,5.17-3.45,6.89l-42.49,41.92l9.76,59.14c0.57,6.32-3.45,12.06-9.76,13.21\n\tc-2.87,0.57-5.74,0-8.04-1.15l-52.25-26.99l-53.4,26.99c-5.74,2.87-12.63,0.57-16.08-5.17c-1.15-2.3-1.15-4.59-1.15-6.89l9.76-59.14\n\tl-42.49-41.92c-4.59-4.59-4.59-12.06,0-16.65c2.3-2.3,4.59-3.44,6.89-3.44l58.57-9.19l26.99-53.4c2.87-5.74,10.34-8.04,16.08-5.17\n\tC255.5,92.36,257.22,94.08,258.37,96.38L258.37,96.38z M266.98,165.86l-18.95-37.9l-19.52,37.9c-1.72,3.45-4.59,5.74-8.62,6.32\n\tl-41.92,6.32l29.86,29.86c2.87,2.87,4.02,6.32,3.45,10.34l-6.89,41.92l37.9-19.52c3.45-1.15,7.46-1.72,10.91,0l37.9,19.52\n\tl-6.89-41.34c-0.57-4.02,0.58-8.04,3.45-10.91l29.86-29.86l-41.34-6.32C272.15,171.6,268.7,169.3,266.98,165.86L266.98,165.86z\n\t M187.17,370.28c-24.69-9.19-46.51-22.97-64.89-41.34l-1.72-1.72l-53.4,52.83l42.49,1.15h0.57c6.32,0,12.06,5.17,12.06,11.48v42.49\n\tL187.17,370.28z M377.23,324.92c-1.15,1.72-2.87,2.87-4.02,4.02c-17.23,17.23-38.47,31.01-61.44,40.2l66.03,66.03v-42.49\n\tc0-6.32,5.17-11.48,12.06-11.48h0.57l42.49-1.15L377.23,324.92z M356.56,94.66c-28.14-27.56-66.03-44.79-108.52-44.79\n\ts-80.96,17.23-109.1,44.79c-27.56,28.14-44.79,66.61-44.79,109.1c0,42.49,17.23,80.97,44.79,108.53\n\tc18.95,18.95,43.07,33.3,70.05,40.19h0.57l0,0l1.72,0.57l0,0c11.48,2.87,24.12,4.02,36.75,4.02c41.92,0,80.39-17.23,108.52-44.79\n\tc27.56-27.56,44.79-66.04,44.79-108.53C401.34,161.27,384.12,122.79,356.56,94.66L356.56,94.66z\"\u002F\u003E\n\u003C\u002Fsvg\u003E\n","/media/catalog/category/gifts.svg":"\u003C?xml version=\"1.0\" encoding=\"utf-8\"?\u003E\n\u003C!-- Generator: Adobe Illustrator 28.2.0, SVG Export Plug-In . SVG Version: 6.00 Build 0)  --\u003E\n\u003Csvg version=\"1.1\" id=\"Layer_1\" xmlns=\"http:\u002F\u002Fwww.w3.org\u002F2000\u002Fsvg\" xmlns:xlink=\"http:\u002F\u002Fwww.w3.org\u002F1999\u002Fxlink\" x=\"0px\" y=\"0px\"\n\t viewBox=\"0 0 500 500\" style=\"enable-background:new 0 0 500 500;\" xml:space=\"preserve\"\u003E\n\u003Cstyle type=\"text\u002Fcss\"\u003E\n\t.st0{fill:#010101;}\n\u003C\u002Fstyle\u003E\n\u003Cpath class=\"st0\" d=\"M230.04,113.55c-16.91-33.25-36.07-47.34-52.98-49.59c-13.52-2.25-24.79,3.38-30.43,11.27\n\tc-5.07,7.33-5.63,16.34,1.69,23.67h0.56c6.2,6.76,18.04,11.83,35.5,14.65h30.99l0,0H230.04z M270.05,113.55h14.65l0,0h30.99\n\tc17.47-2.82,29.3-7.89,35.5-14.65h0.56c7.32-7.33,6.76-16.34,1.69-23.67c-5.63-7.89-16.9-13.52-30.43-11.27\n\tC306.11,66.21,286.95,80.3,270.05,113.55L270.05,113.55z M284.7,461.81h-69.31H64.36c-6.2,0-11.83-5.07-11.83-11.27v-220.9H41.26\n\tc-6.77,0-11.84-5.07-11.84-11.27v-92.98c0-6.76,5.07-11.83,11.84-11.83h89.6c-15.21-16.34-14.09-36.07-3.38-51.28\n\tc10.71-14.65,30.43-24.79,52.97-21.42c23.11,3.38,49.02,20.85,69.87,61.42c20.29-40.57,46.21-58.04,69.32-61.42\n\tc22.54-3.38,42.26,6.76,52.97,21.42c10.71,15.21,11.83,34.94-3.38,51.28h89.6c6.76,0,11.83,5.07,11.83,11.83v92.98\n\tc0,6.2-5.07,11.27-11.83,11.27h-11.27v220.9c0,6.2-5.07,11.27-11.83,11.27H284.7z M252.02,136.65h-3.95\n\tc-7.32,1.13-14.65,1.69-21.41,1.69v80.02V438.7h46.77V218.36v-80.02C266.66,138.35,259.34,137.78,252.02,136.65L252.02,136.65z\n\t M424.45,438.7V229.64H296.53V438.7H424.45z M75.63,438.7h127.92V229.64H75.63V438.7z M184.96,136.65H52.53v69.88h11.83h139.19\n\tv-68.19C196.79,138.35,190.59,137.78,184.96,136.65L184.96,136.65z M447.56,136.65H315.13c-5.63,1.13-11.84,1.69-18.6,1.69v68.19\n\th139.19h11.83V136.65z\"\u002F\u003E\n\u003C\u002Fsvg\u003E\n","/media/catalog/category/X5ZAzQ01_1.svg":"\u003C?xml version=\"1.0\" standalone=\"no\"?\u003E\n\u003C!DOCTYPE svg PUBLIC \"-\u002F\u002FW3C\u002F\u002FDTD SVG 20010904\u002F\u002FEN\"\n \"http:\u002F\u002Fwww.w3.org\u002FTR\u002F2001\u002FREC-SVG-20010904\u002FDTD\u002Fsvg10.dtd\"\u003E\n\u003Csvg version=\"1.0\" xmlns=\"http:\u002F\u002Fwww.w3.org\u002F2000\u002Fsvg\"\n width=\"200.000000pt\" height=\"200.000000pt\" viewBox=\"0 0 200.000000 200.000000\"\n preserveAspectRatio=\"xMidYMid meet\"\u003E\n\u003Cmetadata\u003E\nCreated by potrace 1.10, written by Peter Selinger 2001-2011\n\u003C\u002Fmetadata\u003E\n\u003Cg transform=\"translate(0.000000,200.000000) scale(0.100000,-0.100000)\"\nfill=\"#000000\" stroke=\"none\"\u003E\n\u003Cpath d=\"M282 1717 c-155 -155 -282 -287 -282 -292 0 -5 97 -107 215 -225 214\n-215 216 -216 195 -235 -11 -10 -20 -25 -20 -34 0 -9 167 -182 370 -386 338\n-337 373 -376 410 -446 62 -119 85 -127 110 -39 15 53 16 54 66 65 27 6 54 14\n60 18 6 3 16 31 23 61 12 54 14 56 54 66 78 20 85 25 93 75 8 58 21 71 79 79\n50 8 55 15 75 93 10 40 12 42 66 54 30 7 58 17 61 23 4 6 12 33 18 60 11 50\n12 51 65 66 89 26 80 48 -42 112 -71 37 -105 66 -309 270 -126 126 -229 231\n-229 234 0 2 6 4 14 4 8 0 17 8 20 17 5 13 -29 52 -131 155 -76 76 -145 138\n-153 138 -9 0 -34 -18 -55 -40 l-39 -40 -216 215 c-118 118 -220 215 -225 215\n-6 0 -137 -127 -293 -283z m668 -212 l-24 -25 -56 55 c-30 30 -62 55 -71 55\n-8 0 -50 -35 -93 -79 -89 -90 -89 -88 -10 -161 36 -33 45 -47 37 -58 -24 -38\n-39 -36 -83 12 -72 78 -70 78 -161 -10 -43 -43 -79 -84 -79 -93 0 -8 25 -41\n55 -71 l55 -56 -25 -24 -26 -24 -197 197 -198 197 251 253 250 252 200 -197\n199 -197 -24 -26z m323 -146 c-97 -42 -652 -299 -680 -315 -18 -11 -33 -24\n-33 -29 0 -6 -15 -16 -34 -23 -18 -7 -41 -21 -51 -32 -26 -29 -36 -25 -24 10\n6 17 15 30 21 30 5 0 24 10 41 23 18 12 39 23 47 25 8 2 134 122 280 267 l265\n265 103 -103 102 -102 -37 -16z m-432 120 l41 -41 -46 -46 -46 -46 -40 39 -39\n39 42 47 c23 26 43 47 45 48 1 1 21 -18 43 -40z m689 -404 l224 -224 -302\n-303 -303 -302 -339 339 -340 340 175 79 c96 43 279 127 407 186 128 60 238\n109 243 109 6 1 111 -100 235 -224z m-921 89 l-47 -46 -40 40 -40 40 47 46 46\n46 40 -40 40 -40 -46 -46z m1233 -371 c43 -19 48 -30 16 -35 -18 -2 -25 -14\n-36 -60 -14 -56 -16 -58 -56 -68 -77 -20 -84 -25 -92 -75 -8 -57 -23 -72 -79\n-80 -53 -8 -61 -16 -70 -73 -9 -54 -23 -68 -80 -76 -50 -8 -55 -15 -75 -92\n-10 -40 -12 -42 -68 -56 -46 -11 -58 -18 -60 -36 -5 -33 -16 -27 -36 19 l-18\n41 303 304 c167 167 306 304 308 304 2 0 22 -8 43 -17z\"\u002F\u003E\n\u003Cpath d=\"M487 1742 c-42 -42 -77 -84 -77 -93 0 -15 150 -169 165 -169 15 0\n165 154 165 169 0 18 -149 171 -165 171 -6 0 -45 -35 -88 -78z m141 -45 l42\n-43 -48 -47 -48 -47 -44 45 -44 45 44 45 c24 25 47 45 50 45 3 0 25 -19 48\n-43z\"\u002F\u003E\n\u003Cpath d=\"M257 1512 c-42 -42 -77 -82 -77 -87 0 -16 154 -165 170 -165 16 0\n170 149 170 164 0 16 -153 166 -169 166 -9 0 -51 -35 -94 -78z m140 -44 l43\n-42 -46 -47 -46 -47 -44 46 -44 46 42 43 c23 24 44 43 47 43 3 0 25 -19 48\n-42z\"\u002F\u003E\n\u003Cpath d=\"M976 574 c-22 -21 -13 -34 87 -132 84 -81 107 -92 121 -55 4 10 -21\n44 -76 100 -98 100 -111 109 -132 87z\"\u002F\u003E\n\u003C\u002Fg\u003E\n\u003C\u002Fsvg\u003E\n","/media/catalog/category/images.svg":"\u003C?xml version=\"1.0\" standalone=\"no\"?\u003E\n\u003C!DOCTYPE svg PUBLIC \"-\u002F\u002FW3C\u002F\u002FDTD SVG 20010904\u002F\u002FEN\"\n \"http:\u002F\u002Fwww.w3.org\u002FTR\u002F2001\u002FREC-SVG-20010904\u002FDTD\u002Fsvg10.dtd\"\u003E\n\u003Csvg version=\"1.0\" xmlns=\"http:\u002F\u002Fwww.w3.org\u002F2000\u002Fsvg\"\n width=\"253.000000pt\" height=\"199.000000pt\" viewBox=\"0 0 253.000000 199.000000\"\n preserveAspectRatio=\"xMidYMid meet\"\u003E\n\n\u003Cg transform=\"translate(0.000000,199.000000) scale(0.100000,-0.100000)\"\nfill=\"#000000\" stroke=\"none\"\u003E\n\u003Cpath d=\"M70 1973 c-73 -37 -70 5 -70 -878 0 -855 0 -858 54 -943 31 -50 89\n-100 145 -126 45 -21 56 -21 716 -21 l670 0 67 33 c99 48 160 132 177 241 4\n28 11 54 14 57 3 3 42 12 86 20 161 28 292 94 401 204 80 79 129 159 166 265\n24 69 28 95 27 195 0 97 -4 128 -26 196 -84 256 -316 438 -610 479 l-47 6 0\n77 c0 98 -12 141 -51 178 l-30 29 -827 3 c-772 2 -829 1 -862 -15z m1588 -926\nl-3 -763 -25 -37 c-47 -70 -19 -67 -718 -67 l-629 0 -33 23 c-18 12 -41 38\n-51 57 -18 33 -19 74 -19 792 l0 758 740 0 740 0 -2 -763z m287 463 c174 -44\n313 -163 376 -321 30 -76 37 -207 14 -285 -58 -202 -228 -349 -444 -383 l-51\n-8 0 508 c0 419 2 509 13 509 8 0 49 -9 92 -20z\"\u002F\u003E\n\u003C\u002Fg\u003E\n\u003C\u002Fsvg\u003E\n","/media/catalog/category/New-_1__1_.svg":"\u003C?xml version=\"1.0\" standalone=\"no\"?\u003E\n\u003C!DOCTYPE svg PUBLIC \"-\u002F\u002FW3C\u002F\u002FDTD SVG 20010904\u002F\u002FEN\"\n \"http:\u002F\u002Fwww.w3.org\u002FTR\u002F2001\u002FREC-SVG-20010904\u002FDTD\u002Fsvg10.dtd\"\u003E\n\u003Csvg version=\"1.0\" xmlns=\"http:\u002F\u002Fwww.w3.org\u002F2000\u002Fsvg\"\n width=\"200.000000pt\" height=\"200.000000pt\" viewBox=\"0 0 200.000000 200.000000\"\n preserveAspectRatio=\"xMidYMid meet\"\u003E\n\n\u003Cg transform=\"translate(0.000000,200.000000) scale(0.100000,-0.100000)\"\nfill=\"#000000\" stroke=\"none\"\u003E\n\u003Cpath d=\"M972 1958 c-19 -19 -16 -212 3 -228 8 -7 22 -10 30 -6 23 8 18 239\n-5 244 -9 1 -21 -3 -28 -10z\"\u002F\u003E\n\u003Cpath d=\"M497 1833 c-14 -13 -6 -35 39 -113 52 -89 67 -105 89 -96 21 7 19 48\n-3 77 -10 13 -33 50 -51 82 -30 53 -55 70 -74 50z\"\u002F\u003E\n\u003Cpath d=\"M1410 1780 c-19 -34 -44 -76 -55 -94 -16 -29 -17 -37 -6 -50 7 -9 19\n-16 27 -16 7 0 38 43 69 95 47 78 55 98 45 110 -23 28 -45 16 -80 -45z\"\u002F\u003E\n\u003Cpath d=\"M920 1513 c-30 -54 -69 -127 -88 -163 -19 -36 -37 -68 -41 -72 -6 -7\n-68 -21 -246 -53 -49 -8 -102 -18 -118 -21 -53 -11 -35 -41 103 -179 110 -109\n130 -134 130 -160 0 -16 -11 -104 -24 -195 -23 -159 -22 -190 4 -190 5 0 86\n38 181 84 l172 85 168 -85 c93 -46 175 -84 183 -84 27 0 27 37 0 219 l-26 181\n136 144 c75 79 136 149 136 155 0 17 -31 26 -170 50 -69 12 -147 27 -175 32\nl-50 11 -90 167 c-68 125 -96 167 -112 169 -17 3 -30 -14 -73 -95z m162 -167\nc60 -117 74 -135 111 -140 137 -21 287 -51 285 -58 -2 -4 -51 -59 -110 -122\n-79 -83 -108 -121 -108 -140 0 -14 9 -89 20 -167 12 -78 19 -143 18 -145 -2\n-2 -44 16 -93 40 -162 78 -202 96 -215 96 -7 0 -77 -31 -156 -69 -78 -38 -144\n-67 -147 -65 -2 2 0 30 5 61 4 32 15 105 22 163 l15 105 -37 40 c-20 22 -73\n77 -116 122 -44 45 -78 84 -75 86 4 4 202 40 287 52 46 7 36 -8 157 219 l47\n88 24 -42 c14 -24 43 -80 66 -124z\"\u002F\u003E\n\u003Cpath d=\"M144 1475 c-9 -22 0 -30 95 -84 89 -52 121 -57 121 -21 0 20 -25 40\n-112 88 -63 35 -95 40 -104 17z\"\u002F\u003E\n\u003Cpath d=\"M1717 1447 c-88 -48 -108 -70 -84 -94 14 -14 25 -10 112 38 76 43 95\n58 93 74 -5 33 -38 28 -121 -18z\"\u002F\u003E\n\u003Cpath d=\"M20 1005 c-10 -12 -10 -18 0 -30 11 -13 34 -15 124 -13 111 3 111 3\n111 28 0 25 0 25 -111 28 -90 2 -113 0 -124 -13z\"\u002F\u003E\n\u003Cpath d=\"M1725 1010 c-3 -6 -3 -19 0 -30 6 -18 15 -20 120 -20 105 0 114 2\n120 20 3 11 3 24 0 30 -4 6 -54 10 -120 10 -66 0 -116 -4 -120 -10z\"\u002F\u003E\n\u003Cpath d=\"M242 596 c-88 -52 -105 -67 -96 -89 10 -27 38 -20 129 34 71 41 86\n54 83 72 -5 35 -37 30 -116 -17z\"\u002F\u003E\n\u003Cpath d=\"M1626 624 c-9 -23 6 -37 95 -89 83 -49 112 -54 117 -18 3 17 -13 30\n-86 72 -96 55 -116 60 -126 35z\"\u002F\u003E\n\u003Cpath d=\"M541 273 c-55 -95 -61 -117 -33 -128 21 -8 54 29 101 118 36 67 37\n97 2 97 -14 0 -34 -25 -70 -87z\"\u002F\u003E\n\u003Cpath d=\"M1344 345 c-7 -18 84 -183 108 -196 11 -6 21 -4 33 7 14 15 13 22\n-21 83 -20 36 -46 78 -56 94 -21 29 -55 36 -64 12z\"\u002F\u003E\n\u003Cpath d=\"M972 248 c-8 -8 -12 -47 -12 -115 0 -90 2 -103 19 -112 34 -19 42 8\n39 125 -2 88 -6 109 -18 112 -9 1 -21 -3 -28 -10z\"\u002F\u003E\n\u003C\u002Fg\u003E\n\u003C\u002Fsvg\u003E\n","/media/catalog/category/XJa1r401.svg":"\u003C?xml version=\"1.0\" standalone=\"no\"?\u003E\n\u003C!DOCTYPE svg PUBLIC \"-\u002F\u002FW3C\u002F\u002FDTD SVG 20010904\u002F\u002FEN\"\n \"http:\u002F\u002Fwww.w3.org\u002FTR\u002F2001\u002FREC-SVG-20010904\u002FDTD\u002Fsvg10.dtd\"\u003E\n\u003Csvg version=\"1.0\" xmlns=\"http:\u002F\u002Fwww.w3.org\u002F2000\u002Fsvg\"\n width=\"150.000000pt\" height=\"150.000000pt\" viewBox=\"0 0 150.000000 150.000000\"\n preserveAspectRatio=\"xMidYMid meet\"\u003E\n\u003Cmetadata\u003E\nCreated by potrace 1.10, written by Peter Selinger 2001-2011\n\u003C\u002Fmetadata\u003E\n\u003Cg transform=\"translate(0.000000,150.000000) scale(0.100000,-0.100000)\"\nfill=\"#000000\" stroke=\"none\"\u003E\n\u003Cpath d=\"M668 1325 c-221 -42 -361 -155 -383 -310 -4 -28 -18 -68 -31 -90 -33\n-58 -49 -161 -34 -222 33 -133 57 -307 47 -338 -14 -45 -5 -71 48 -138 73 -92\n70 -92 253 -7 86 41 163 78 170 83 8 6 12 40 12 107 0 94 1 97 25 108 14 7 30\n12 36 12 5 0 70 -34 143 -75 197 -110 173 -105 249 -51 l64 46 13 152 c11 145\n17 190 38 283 11 54 -8 149 -44 216 -53 97 -167 182 -289 216 -77 21 -228 25\n-317 8z m316 -40 c175 -53 294 -186 304 -341 6 -96 -38 -163 -125 -189 -22 -6\n-23 -3 -23 43 0 60 -32 189 -62 250 -35 70 -91 127 -150 152 -44 19 -65 22\n-137 18 -105 -5 -169 -36 -240 -114 -42 -47 -51 -52 -97 -56 -29 -3 -71 -14\n-95 -26 -24 -12 -44 -20 -46 -19 -7 8 20 78 47 120 53 84 195 156 349 178 73\n10 216 1 275 -16z m-184 -410 c0 -300 -1 -315 -19 -325 -11 -5 -22 -10 -25\n-10 -3 0 -6 103 -6 229 l0 229 -57 21 c-32 11 -77 24 -100 27 l-43 6 20 27\nc38 54 140 110 203 111 l27 0 0 -315z m149 280 c47 -29 73 -64 111 -148 45\n-99 54 -170 53 -390 -1 -109 -3 -201 -6 -204 -3 -2 -65 29 -139 70 l-133 75\n-3 317 -2 318 40 -7 c23 -3 58 -17 79 -31z m-327 -146 c66 -14 79 -25 39 -34\n-42 -9 -140 -74 -180 -120 -49 -56 -83 -137 -89 -211 -2 -35 -9 -64 -14 -64\n-16 0 -83 38 -100 57 -28 31 -40 107 -28 176 19 105 72 171 158 197 40 12 153\n12 214 -1z m98 -362 l0 -323 -42 -19 c-24 -10 -91 -42 -150 -71 l-106 -52 -7\n121 c-3 67 -2 186 4 264 7 116 13 151 33 190 34 70 103 135 189 177 41 19 75\n36 77 36 1 0 2 -145 2 -323z m540 70 c-5 -33 -12 -102 -15 -155 l-7 -97 -56\n-39 -55 -39 7 34 c3 18 9 93 13 166 l6 132 29 10 c16 6 41 20 55 31 14 11 27\n19 28 18 2 -2 -1 -29 -5 -61z m-935 -147 c22 -11 44 -20 50 -20 6 0 10 -62 10\n-180 l0 -179 -23 27 c-65 77 -75 99 -64 142 7 30 7 61 -4 118 -13 76 -17 112\n-11 112 1 0 20 -9 42 -20z\"\u002F\u003E\n\u003Cpath d=\"M657 1264 c-16 -16 -6 -35 16 -32 12 2 22 10 22 18 0 16 -26 25 -38\n14z\"\u002F\u003E\n\u003Cpath d=\"M964 1245 c-4 -9 -2 -21 4 -27 15 -15 44 -1 40 19 -4 23 -36 29 -44\n8z\"\u002F\u003E\n\u003Cpath d=\"M443 1154 c-9 -23 13 -40 32 -24 12 10 13 16 4 26 -15 18 -28 18 -36\n-2z\"\u002F\u003E\n\u003Cpath d=\"M1104 1119 c-10 -17 23 -46 37 -32 7 7 9 19 6 27 -7 18 -33 21 -43 5z\"\u002F\u003E\n\u003Cpath d=\"M1180 900 c0 -13 7 -20 20 -20 13 0 20 7 20 20 0 13 -7 20 -20 20\n-13 0 -20 -7 -20 -20z\"\u002F\u003E\n\u003Cpath d=\"M704 1095 c-7 -18 3 -35 21 -35 18 0 26 25 12 39 -15 15 -27 14 -33\n-4z\"\u002F\u003E\n\u003Cpath d=\"M900 1060 c0 -13 7 -20 20 -20 13 0 20 7 20 20 0 13 -7 20 -20 20\n-13 0 -20 -7 -20 -20z\"\u002F\u003E\n\u003Cpath d=\"M1007 940 c3 -11 14 -20 24 -20 12 0 19 7 19 20 0 14 -7 20 -24 20\n-19 0 -23 -4 -19 -20z\"\u002F\u003E\n\u003Cpath d=\"M884 909 c-3 -6 0 -17 7 -25 18 -17 44 -2 36 20 -7 18 -33 21 -43 5z\"\u002F\u003E\n\u003Cpath d=\"M1036 843 c-14 -15 -5 -43 14 -43 13 0 20 7 20 19 0 19 -23 35 -34\n24z\"\u002F\u003E\n\u003Cpath d=\"M930 740 c0 -13 7 -20 20 -20 13 0 20 7 20 20 0 13 -7 20 -20 20 -13\n0 -20 -7 -20 -20z\"\u002F\u003E\n\u003Cpath d=\"M884 615 c-4 -9 -2 -21 4 -27 15 -15 44 -1 40 19 -4 23 -36 29 -44 8z\"\u002F\u003E\n\u003Cpath d=\"M1014 599 c-10 -17 23 -46 37 -32 7 7 9 19 6 27 -7 18 -33 21 -43 5z\"\u002F\u003E\n\u003Cpath d=\"M434 955 c-7 -18 3 -35 21 -35 18 0 26 15 19 34 -8 20 -33 21 -40 1z\"\u002F\u003E\n\u003Cpath d=\"M294 855 c-4 -9 -2 -21 4 -27 15 -15 44 -1 40 19 -4 23 -36 29 -44 8z\"\u002F\u003E\n\u003Cpath d=\"M310 700 c0 -13 7 -20 20 -20 13 0 20 7 20 20 0 13 -7 20 -20 20 -13\n0 -20 -7 -20 -20z\"\u002F\u003E\n\u003Cpath d=\"M627 826 c-8 -20 20 -43 35 -28 14 14 3 42 -16 42 -7 0 -16 -6 -19\n-14z\"\u002F\u003E\n\u003Cpath d=\"M532 753 c2 -10 12 -18 23 -18 11 0 21 8 23 18 3 13 -3 17 -23 17\n-20 0 -26 -4 -23 -17z\"\u002F\u003E\n\u003Cpath d=\"M650 690 c0 -13 7 -20 20 -20 13 0 20 7 20 20 0 13 -7 20 -20 20 -13\n0 -20 -7 -20 -20z\"\u002F\u003E\n\u003Cpath d=\"M550 630 c0 -16 5 -21 23 -18 12 2 22 10 22 18 0 8 -10 16 -22 18\n-18 3 -23 -2 -23 -18z\"\u002F\u003E\n\u003Cpath d=\"M483 593 c-7 -3 -13 -13 -13 -24 0 -23 35 -26 43 -5 7 17 -13 35 -30\n29z\"\u002F\u003E\n\u003Cpath d=\"M620 550 c0 -15 7 -20 25 -20 18 0 25 5 25 20 0 15 -7 20 -25 20 -18\n0 -25 -5 -25 -20z\"\u002F\u003E\n\u003Cpath d=\"M562 467 c-15 -17 1 -42 23 -33 18 6 17 37 -1 43 -6 2 -16 -2 -22\n-10z\"\u002F\u003E\n\u003Cpath d=\"M470 410 c0 -13 7 -20 20 -20 13 0 20 7 20 20 0 13 -7 20 -20 20 -13\n0 -20 -7 -20 -20z\"\u002F\u003E\n\u003Cpath d=\"M624 375 c-4 -9 -2 -21 4 -27 15 -15 44 -1 40 19 -4 23 -36 29 -44 8z\"\u002F\u003E\n\u003C\u002Fg\u003E\n\u003C\u002Fsvg\u003E\n","/media/catalog/category/basket.svg":"\u003Csvg xmlns=\"http:\u002F\u002Fwww.w3.org\u002F2000\u002Fsvg\" width=\"28\" height=\"22\" viewBox=\"0 0 28 22\"\u003E\n    \u003Cg fill=\"none\" fill-rule=\"evenodd\"\u003E\n        \u003Cpath fill=\"#000\" d=\"M184.632 1743.16h-17.264l-1.866-11.305H186.498l-1.866 11.306zm-11.863-18.365h6.458l2.604 5.22h-11.658l2.596-5.22zm-.633-1.795c-.3.032-.589.153-.733.447l-3.27 6.568h-5.22c-.504 0-.913.41-.913.918 0 .507.409.922.913.922h.738l2.035 12.308c.04.47.428.837.913.837h18.802v-.004c.44 0 .825-.318.905-.769l2.043-12.372h.734c.504 0 .917-.415.917-.922 0-.507-.413-.918-.917-.918h-5.217l-3.273-6.568c-.144-.294-.428-.415-.733-.447h-7.724z\" transform=\"translate(-162 -1723)\"\u002F\u003E\n    \u003C\u002Fg\u003E\n\u003C\u002Fsvg\u003E\n","/media/catalog/category/christmas-tree.svg":"\u003C?xml version=\"1.0\" encoding=\"iso-8859-1\"?\u003E\r\n\u003C!-- Uploaded to: SVG Repo, www.svgrepo.com, Generator: SVG Repo Mixer Tools --\u003E\r\n\u003C!DOCTYPE svg PUBLIC \"-\u002F\u002FW3C\u002F\u002FDTD SVG 1.1\u002F\u002FEN\" \"http:\u002F\u002Fwww.w3.org\u002FGraphics\u002FSVG\u002F1.1\u002FDTD\u002Fsvg11.dtd\"\u003E\r\n\u003Csvg fill=\"#000000\" height=\"800px\" width=\"800px\" version=\"1.1\" id=\"Capa_1\" xmlns=\"http:\u002F\u002Fwww.w3.org\u002F2000\u002Fsvg\" xmlns:xlink=\"http:\u002F\u002Fwww.w3.org\u002F1999\u002Fxlink\" \r\n\t viewBox=\"0 0 219.781 219.781\" xml:space=\"preserve\"\u003E\r\n\u003Cg\u003E\r\n\t\u003Cpath d=\"M193.692,168.797l-30.414-39.507h8.898c0.006,0,0.014,0,0.02,0c4.143,0,7.5-3.358,7.5-7.5c0-1.898-0.704-3.631-1.867-4.953\r\n\t\tL149.265,79.73h10.455c0.009,0,0.015,0,0.02,0c4.143,0,7.5-3.358,7.5-7.5c0-1.898-0.704-3.631-1.867-4.953L115.833,2.925\r\n\t\tC114.413,1.081,112.217,0,109.89,0c-2.327,0-4.523,1.081-5.943,2.925l-49.83,64.73c-1.743,2.265-2.048,5.323-0.786,7.888\r\n\t\tc1.263,2.563,3.872,4.188,6.729,4.188h10.455l-28.855,37.485c-1.743,2.264-2.048,5.323-0.786,7.887\r\n\t\tc1.263,2.564,3.872,4.188,6.729,4.188h8.898l-30.412,39.507c-1.743,2.264-2.048,5.323-0.786,7.887\r\n\t\tc1.263,2.564,3.872,4.188,6.729,4.188h50.902v31.409c0,4.142,3.357,7.5,7.5,7.5h38.91c4.143,0,7.5-3.358,7.5-7.5v-31.409h50.904\r\n\t\tc2.857,0,5.467-1.624,6.73-4.188C195.74,174.12,195.436,171.061,193.692,168.797z M121.845,204.781h-23.91v-23.909h23.91V204.781z\r\n\t\t M129.345,165.872h-38.91H47.271l30.412-39.507c1.743-2.264,2.048-5.323,0.786-7.887c-1.263-2.564-3.872-4.188-6.729-4.188h-8.898\r\n\t\tl28.855-37.485c1.743-2.264,2.048-5.323,0.786-7.887c-1.263-2.564-3.872-4.188-6.729-4.188H75.298l34.592-44.936l34.592,44.936\r\n\t\th-10.455c-2.857,0-5.467,1.624-6.729,4.188c-1.262,2.564-0.957,5.623,0.786,7.887l28.856,37.485h-8.899\r\n\t\tc-2.857,0-5.467,1.624-6.729,4.188c-1.262,2.564-0.957,5.623,0.786,7.887l30.414,39.507H129.345z\"\u002F\u003E\r\n\t\u003Cpath d=\"M118.483,52.457c0-4.744-3.855-8.604-8.594-8.604c-4.738,0-8.594,3.859-8.594,8.604c0,4.722,3.855,8.563,8.594,8.563\r\n\t\tC114.628,61.02,118.483,57.179,118.483,52.457z\"\u002F\u003E\r\n\t\u003Cpath d=\"M96.89,100.854c-4.738,0-8.594,3.859-8.594,8.604c0,4.722,3.855,8.563,8.594,8.563c4.738,0,8.594-3.841,8.594-8.563\r\n\t\tC105.483,104.713,101.628,100.854,96.89,100.854z\"\u002F\u003E\r\n\t\u003Cpath d=\"M131.483,95.457c0-4.744-3.855-8.604-8.594-8.604c-4.738,0-8.594,3.859-8.594,8.604c0,4.722,3.855,8.563,8.594,8.563\r\n\t\tC127.628,104.02,131.483,100.179,131.483,95.457z\"\u002F\u003E\r\n\t\u003Cpath d=\"M89.741,138.851c-2.296,0-4.457,0.896-6.084,2.523c-3.339,3.339-3.329,8.781,0.021,12.132\r\n\t\tc1.632,1.631,3.793,2.528,6.087,2.528c2.281,0,4.428-0.89,6.044-2.506c1.627-1.626,2.524-3.786,2.526-6.079\r\n\t\tc0.002-2.296-0.894-4.456-2.521-6.083C94.193,139.744,92.036,138.851,89.741,138.851z\"\u002F\u003E\r\n\t\u003Cpath d=\"M131.025,133.851c-2.297,0-4.458,0.896-6.085,2.523c-1.629,1.629-2.519,3.794-2.503,6.098\r\n\t\tc0.014,2.276,0.911,4.419,2.526,6.034c1.629,1.63,3.79,2.528,6.085,2.528c2.281,0,4.428-0.89,6.044-2.506\r\n\t\tc1.627-1.624,2.525-3.784,2.527-6.079c0.002-2.294-0.893-4.454-2.518-6.081C135.479,134.744,133.32,133.851,131.025,133.851z\"\u002F\u003E\r\n\u003C\u002Fg\u003E\r\n\u003C\u002Fsvg\u003E","/media/catalog/category/file_2_.svg":"\u003Csvg version=\"1.1\" id=\"Layer_1\" xmlns=\"http:\u002F\u002Fwww.w3.org\u002F2000\u002Fsvg\" xmlns:xlink=\"http:\u002F\u002Fwww.w3.org\u002F1999\u002Fxlink\" x=\"0px\" y=\"0px\"\n\t width=\"100%\" viewBox=\"0 0 336 336\" enable-background=\"new 0 0 336 336\" xml:space=\"preserve\"\u003E\n\u003Cpath fill=\"#000000\" opacity=\"1.000000\" stroke=\"none\" \n\td=\"\nM177.000061,61.726818 \n\tC198.994308,61.720684 220.488571,61.693436 241.982803,61.715958 \n\tC258.564575,61.733330 268.080841,71.074837 268.329773,87.600426 \n\tC268.437683,94.763733 268.156311,101.938759 268.450928,109.092018 \n\tC268.870911,119.290573 264.141205,126.413475 255.492188,130.922089 \n\tC251.465729,133.021011 250.218353,135.595627 250.312256,139.979996 \n\tC250.690048,157.623291 250.766495,175.273773 250.864700,192.922089 \n\tC250.929550,204.576599 250.971619,216.253113 249.527466,227.834671 \n\tC247.110840,247.215317 237.154190,262.094238 221.191101,272.912659 \n\tC200.774841,286.749054 179.784409,299.733795 158.076797,311.412628 \n\tC122.152489,330.740112 77.496658,305.142151 74.501228,264.485077 \n\tC72.978920,243.822662 80.595131,227.879318 95.811653,214.822083 \n\tC100.615379,210.699997 105.607445,206.796127 110.380386,202.639740 \n\tC118.538620,195.535400 123.447296,187.101898 122.947693,175.666946 \n\tC122.402779,163.194901 122.828148,150.679184 122.893478,138.182816 \n\tC122.907265,135.544785 122.721313,133.319275 119.740677,132.132370 \n\tC109.414490,128.020462 104.700050,119.847237 104.206390,109.180771 \n\tC103.814362,100.710182 103.443993,92.194160 104.504715,83.732147 \n\tC106.230263,69.966400 115.111488,61.900700 129.014053,61.761559 \n\tC144.841248,61.603157 160.671265,61.726337 177.000061,61.726818 \nM124.580673,210.058212 \n\tC117.975533,217.384842 110.127296,223.354095 102.761650,229.836487 \n\tC91.904564,239.391678 88.505424,251.206879 90.007332,265.282837 \n\tC93.197464,295.180786 127.471748,311.166016 150.665100,298.279114 \n\tC163.622147,291.079803 176.287262,283.410400 189.189865,276.141388 \n\tC192.622177,274.207672 192.143494,272.086548 190.962311,269.180634 \n\tC180.138702,242.552948 196.285385,202.402237 230.787170,195.809128 \n\tC234.356308,195.127106 235.812592,193.719254 235.772507,189.896072 \n\tC235.592697,172.745773 235.605392,155.591568 235.772141,138.440933 \n\tC235.811066,134.437744 234.309250,133.295715 230.492737,133.309128 \n\tC201.351013,133.411545 172.208557,133.404297 143.066864,133.293182 \n\tC139.405777,133.279221 138.077194,134.443481 138.140076,138.179031 \n\tC138.336273,149.832825 138.111847,161.493500 138.287369,173.147934 \n\tC138.496002,187.000443 135.492569,199.595551 124.580673,210.058212 \nM251.871185,80.979843 \n\tC250.033569,78.577072 247.645264,77.365639 244.577377,77.365990 \n\tC205.784714,77.370453 166.992004,77.321518 128.199432,77.374191 \n\tC123.104881,77.381111 120.230865,80.020241 120.109512,84.941261 \n\tC119.896187,93.592476 119.985794,102.254105 120.103058,110.909279 \n\tC120.161865,115.249672 122.569443,117.656151 126.933990,117.942963 \n\tC128.759415,118.062920 130.594681,118.065460 132.425507,118.066238 \n\tC168.720856,118.081673 205.016190,118.093887 241.311539,118.084846 \n\tC243.304367,118.084351 245.329254,118.081322 247.282639,117.747917 \n\tC250.402054,117.215523 252.622070,115.222961 252.681458,112.069077 \n\tC252.872162,101.939796 253.529831,91.792595 251.871185,80.979843 \nM212.880615,260.343811 \n\tC228.709244,249.419968 235.644989,234.003067 235.673569,215.125061 \n\tC235.681213,210.073486 234.905045,209.520386 230.091919,211.270874 \n\tC216.584854,216.183258 207.864243,225.757446 204.225266,239.500900 \n\tC202.051651,247.710068 202.062485,256.139069 205.796097,264.067322 \n\tC208.887878,263.988831 210.315430,261.856049 212.880615,260.343811 \nz\"\u002F\u003E\n\u003C\u002Fsvg\u003E","/media/catalog/category/Signatures.svg":"\u003C?xml version=\"1.0\" encoding=\"UTF-8\"?\u003E\u003Csvg id=\"Layer_1\" xmlns=\"http:\u002F\u002Fwww.w3.org\u002F2000\u002Fsvg\" viewBox=\"0 0 150 150\"\u003E\u003Cdefs\u003E\u003Cstyle\u003E.cls-1{fill:#010101;}\u003C\u002Fstyle\u003E\u003C\u002Fdefs\u003E\u003Cpath class=\"cls-1\" d=\"M48.69,135.9c-19.97-9.75-32.91-25.15-36.74-46.52C4.76,49.39,28.59,17.14,64.61,11.24c45.87-7.51,75.96,26.2,77.84,61.98,1.68,32.14-22.59,62.99-54.37,67.6-13.11,1.9-26.61,1.73-39.38-4.92M116.9,32.86c-11.1-10.41-24.43-15.77-39.48-16.1-36.87-.81-65,31.98-59.34,68.79,5.15,33.49,38.98,56.22,71.62,48.04,22.15-5.56,37.04-19.41,43.42-41.13,6.59-22.45.61-42.32-16.22-59.6Z\"\u002F\u003E\u003Cpath class=\"cls-1\" d=\"M76.45,41.48c7.27,0,14.01.08,20.75-.03,3.3-.06,5.07,1.21,4.97,4.61-.11,3.84.75,7.72-.14,11.52-3.18,1.11-3.4-1.25-3.88-3.03-1.36-5.06-4.74-7.2-9.81-7.17-5.32.03-10.64.03-15.96-.04-2.86-.04-4.21,1.12-4.15,4.11.11,5.67.03,11.35.05,17.03,0,1.23-.22,2.93,1,3.39,4.1,1.56,8.4,1.03,12.53.12,3.11-.68,4.42-3.29,4.86-6.33.21-1.45-.47-3.77,1.87-3.71,2.6.07,1.97,2.53,1.99,4.15.09,6.38.07,12.77.02,19.16-.01,1.51.44,3.68-1.66,3.96-2.38.31-1.91-1.93-2.18-3.41-1.11-6.07-11.97-10.39-17.18-6.87-1.22.83-1.24,2.07-1.24,3.31,0,6.03-.12,12.07.09,18.09.18,5.04,2.75,7.78,8.13,7.6,5.32-.17,10.64-.05,15.96-.06,4.82,0,8.1-1.99,9.41-6.91.41-1.54.64-4.08,3.08-3.53,2.28.52,1.52,2.9,1.55,4.55.17,11.41-.04,11.6-11.19,11.6-14.19,0-28.38.04-42.57-.02-1.99,0-4.26.71-5.92-1.21.2-2.69,2.29-2.4,3.93-2.58,4.02-.43,6.18-2.68,6.2-6.62.09-17.03.11-34.05.03-51.08-.02-3.89-2.13-6.23-6.18-6.65-1.62-.17-3.76.3-4.19-3.91,9.85-.02,19.58-.04,29.84-.06Z\"\u002F\u003E\u003C\u002Fsvg\u003E"},hoverDevice:b,mobileNavDrawerOpen:a,preHeader:{disclaim:[{type:x,text:"Enjoy free shipping on orders over $135  Terms Apply",spans:[],direction:n}],disclaimColor:"yellow",links:[{preheader_link:{id:"Ys5-vBIAACsAUxWR",type:sH,tags:["Footer","Customer Care",mg],lang:m,slug:sH,first_publication_date:lY,last_publication_date:"2025-09-24T14:13:51+0000",data:{custom_uid:"contact-us",title:[{type:u,text:mg,spans:[]}]},link_type:k,key:"9adb28d5-35f6-4971-9a67-ce4c2d5419b8",isBroken:a},preheader_link_track_adform:c,preheader_link_track_ga:c,preheader_link_label:"Contact us",preheader_link_target_blank:a},{preheader_link:{link_type:E,key:"031204cc-38fe-49b4-b1e2-ed4617b7eeef",url:rG},preheader_link_track_adform:c,preheader_link_track_ga:c,preheader_link_label:"Join our team",preheader_link_target_blank:b},{preheader_link:{id:lR,type:bE,tags:[],lang:m,slug:lS,first_publication_date:lT,last_publication_date:lU,data:{custom_uid:lV},link_type:k,key:"f590faa7-8f52-42ba-8109-28da4bc64fca",isBroken:a},preheader_link_track_adform:c,preheader_link_track_ga:c,preheader_link_label:"For Businesses",preheader_link_target_blank:a}]},lastFetchedStoreView:ii},notifications:{notifications:[]},prismic:{hideCategoryProducts:c,doc:{id:"YuDjJREAACgAlg30",uid:c,url:c,type:sI,href:"https:\u002F\u002Feataly-us.cdn.prismic.io\u002Fapi\u002Fv2\u002Fdocuments\u002Fsearch?ref=aTMWxxkAAE0ARBm8&integrationFieldsRef=eataly-us%7Ebca77cee-c222-4304-864c-39c4ffa87258&q=%5B%5B%3Ad+%3D+at%28document.id%2C+%22YuDjJREAACgAlg30%22%29+%5D%5D",tags:[],first_publication_date:"2022-07-27T07:03:37+0000",last_publication_date:"2025-12-05T17:30:47+0000",slugs:[sI],linked_documents:[],lang:m,alternate_languages:[],data:{custom_uid:mh,document_name:mh,title:[{type:u,text:mh,spans:[]}],show_title:a,body:[{primary:{image:{dimensions:{width:1920,height:lL},alt:c,copyright:c,url:"https:\u002F\u002Fimages.prismic.io\u002Feataly-us\u002FaSYg1mGnmrmGqTrm_Black-Friday-Banner-4_1920x500.jpg?auto=format,compress",id:sJ,edit:{x:i,y:i,zoom:e,background:M},mobile:{dimensions:{width:h$,height:ll},alt:c,copyright:c,url:"https:\u002F\u002Fimages.prismic.io\u002Feataly-us\u002FaSYg1mGnmrmGqTrm_Black-Friday-Banner-4_1920x500.jpg?auto=format%2Ccompress&rect=400%2C0%2C536%2C500&w=450&h=420",id:sJ,edit:{x:hj,y:i,zoom:sK,background:M}}},title_desktop:[{type:H,text:"20% OFF Holiday \nBest Sellers",spans:[],direction:n}],title_mobile:[{type:H,text:"20% OFF Holiday Best Sellers",spans:[],direction:n}],subtitle_desktop:[{type:x,text:"Our holiday treat to you? The best price this season on our holiday \nBest Sellers. Enjoy 20% OFF panettone, coffee, chocolates, cookies, \nand so much more, exclusively online from December 5 to 8. ",spans:[],direction:n}],subtitle_mobile:[{type:x,text:"Our holiday treat to you? The best price this season on our holiday Best Sellers. Enjoy 20% OFF panettone, coffee, chocolates, cookies, and so much more, exclusively online from December 5 to 8. ",spans:[],direction:n}],title_and_subtitle_alignment:C,title_and_subtitle_color:"#FFFFFF",title_and_subtitle_shadow:a,link:{link_type:E,key:"b7379a97-cdfe-45fb-b7d6-5c0f077036ce",url:mi},link_track_adform:c,link_track_ga:c,link_label:"SHOP HOLIDAY BEST SELLERS",link_to_target_blank:a,additional_description:[],additional_description_link:{link_type:E,key:"482f0cc3-5e3a-423a-9077-3fcb519b84d5",url:mi},additional_description_link_track_adform:c,additional_description_link_track_ga:c,additional_description_link_label:c,additional_description_link_to_target_blank:a,overlay_box:a,overlay_box_color:"#00192C",overlay_box_opacity:"0.8",gutter:a},items:[],id:"hero_home$1362ba54-7a60-4f44-9ea8-06ff6a491173",slice_type:"hero_home",slice_label:c},{primary:{title:[],gutter:a},items:[{box_image:{dimensions:{width:v,height:v},alt:"Celebrate the Holidays at Eataly 2025",copyright:c,url:"https:\u002F\u002Fimages.prismic.io\u002Feataly-us\u002FaQUJ3LpReVYa35rs_Holiday-Hightlight-Box-2_300x300.jpg?auto=format,compress&rect=0,0,300,300&w=300&h=300",id:"aQUJ3LpReVYa35rs",edit:{x:i,y:i,zoom:e,background:M}},box_title:[{type:H,text:"CELEBRATE THE HOLIDAYS",spans:[],direction:n}],box_subtitle:[{type:x,text:"Indulge in festive menus at our restaurants.",spans:[],direction:n}],box_label:c,box_label_background_color:sL,box_link:{link_type:E,key:"2e4977eb-c436-4cda-a1d2-52ed4e2e34bd",url:"https:\u002F\u002Fwww.eataly.com\u002Fus_en\u002Fabout-eataly\u002Feataly-restaurants"},box_link_track_adform:c,box_link_track_ga:c,box_link_label:"LEARN MORE",box_link_target_blank:a},{box_image:{dimensions:{width:v,height:v},alt:c,copyright:c,url:"https:\u002F\u002Fimages.prismic.io\u002Feataly-us\u002FaQo5PbpReVYa4DLC_Local-Delivery_300x300.jpg?auto=format,compress&rect=0,0,300,300&w=300&h=300",id:"aQo5PbpReVYa4DLC",edit:{x:i,y:i,zoom:e,background:M}},box_title:[{type:H,text:"LOCAL DELIVERY",spans:[],direction:n}],box_subtitle:[{type:x,text:"Get everything you need for holiday entertaining delivered right to your door. ",spans:[],direction:n}],box_label:c,box_label_background_color:c,box_link:{link_type:E,key:"2e0f0581-a0cb-4c74-a39a-702a1282e872",url:"https:\u002F\u002Fwww.eataly.com\u002Fus_en\u002Flocal-delivery"},box_link_track_adform:c,box_link_track_ga:c,box_link_label:"ORDER DELIVERY",box_link_target_blank:b},{box_image:{dimensions:{width:v,height:v},alt:sv,copyright:c,url:"https:\u002F\u002Fimages.prismic.io\u002Feataly-us\u002F10a22f27-afa0-416c-92e7-b18344fe977d_wine-delivery-final.jpg?auto=format%2Ccompress&rect=11%2C0%2C472%2C472&w=300&h=300",id:"Y9rUdxEAACwAGieo",edit:{x:U,y:i,zoom:sK,background:M}},box_title:[{type:H,text:"SHOP VINO",spans:[],direction:n}],box_subtitle:[{type:x,text:"Explore our collection of premium Italian wine, beers, and spirits, both in-store and online.",spans:[],direction:n}],box_label:c,box_label_background_color:sL,box_link:{link_type:E,key:"7b3bb4d5-4259-4770-b3e7-6d9bdaf7c08d",url:jm},box_link_track_adform:c,box_link_track_ga:c,box_link_label:l_,box_link_target_blank:a}],id:"highlight_boxes$d0803bb7-d72c-422b-b959-28ab005dd968",slice_type:"highlight_boxes",slice_label:c},{primary:{title:[{type:H,text:"SHOP OUR PRODUCTS",spans:[]}],description:[],gutter:a},items:[{image:{dimensions:{width:v,height:v},alt:"12 Days of Eataly - Day 5",copyright:c,url:"https:\u002F\u002Fimages.prismic.io\u002Feataly-us\u002FaTCveHNYClf9nySN_Website_Day05.gif?auto=format,compress&rect=0,0,300,300&w=300&h=300",id:"aTCveHNYClf9nySN",edit:{x:i,y:i,zoom:e,background:M}},title:[{type:cx,text:"12 DAYS OF EATALY",spans:[],direction:n}],link:{link_type:E,key:"093450b1-bdda-4c8d-81d1-995394efec34",url:"https:\u002F\u002Fwww.eataly.com\u002Fus_en\u002Fgifts-holiday-collection\u002F12-days-of-eataly"},link_track_adform:c,link_track_ga:c,link_target_blank:a},{image:{dimensions:{width:v,height:v},alt:c,copyright:c,url:"https:\u002F\u002Fimages.prismic.io\u002Feataly-us\u002F79ee0723-5d6b-4c63-831b-3d790dd07904_Gifts.jpg?auto=compress,format&rect=0,0,300,300&w=300&h=300",id:"Zc6FlREAACwAQl7f",edit:{x:i,y:i,zoom:e,background:aT}},title:[{type:cx,text:"GIFTS",spans:[]}],link:{id:"ZfmxJxEAACcAfJws",type:bE,tags:[],lang:m,slug:"give-the-gift-of-eataly",first_publication_date:"2024-03-19T15:41:44+0000",last_publication_date:"2025-10-21T20:58:28+0000",data:{custom_uid:"gifting"},link_type:k,key:"bed277dd-f7d2-4cb8-9a30-85b6b8f4bb95",isBroken:a},link_track_adform:c,link_track_ga:c,link_target_blank:a},{image:{dimensions:{width:v,height:v},alt:c,copyright:c,url:"https:\u002F\u002Fimages.prismic.io\u002Feataly-us\u002FZv_lIbVsGrYSwX9R_Panettone-New.jpg?auto=format,compress&rect=0,0,300,300&w=300&h=300",id:"Zv_lIbVsGrYSwX9R",edit:{x:i,y:i,zoom:e,background:M}},title:[{type:cx,text:eL,spans:[],direction:n}],link:{link_type:E,key:"d883e3ae-aab2-488a-9e05-73257c47cf56",url:sM},link_track_adform:c,link_track_ga:c,link_target_blank:a},{image:{dimensions:{width:v,height:v},alt:Y,copyright:c,url:"https:\u002F\u002Fimages.prismic.io\u002Feataly-us\u002F9d783f59-774f-46ad-98dd-4a4c9a82576e_Best-Sellers-02.jpg?auto=compress,format&rect=0,0,300,300&w=300&h=300",id:"Zgr3fxIAACwAl-XG",edit:{x:i,y:i,zoom:e,background:aT}},title:[{type:cx,text:sN,spans:[]}],link:{link_type:E,key:"c28f0e44-6e70-4402-9977-dfe12366bea3",url:sO},link_track_adform:c,link_track_ga:c,link_target_blank:a},{image:{dimensions:{width:v,height:v},alt:cB,copyright:c,url:"https:\u002F\u002Fimages.prismic.io\u002Feataly-us\u002F97a224fc-8a38-450a-add0-014335c2343d_Pasta-02.jpg?auto=compress,format&rect=0,0,300,300&w=300&h=300",id:"Zgr4oBIAACwAl-rR",edit:{x:i,y:i,zoom:e,background:aT}},title:[{type:cx,text:"PASTA",spans:[]}],link:{link_type:E,key:"95a27e56-af91-4121-80b5-186c8c2e4ba4",url:"https:\u002F\u002Fwww.eataly.com\u002Fus_en\u002Fnationwide-shipping\u002Fpasta"},link_track_adform:c,link_track_ga:c,link_target_blank:a},{image:{dimensions:{width:v,height:v},alt:"Wine",copyright:c,url:"https:\u002F\u002Fimages.prismic.io\u002Feataly-us\u002FZoVzXh5LeNNTww_M_Wine.jpg?auto=format%2Ccompress&rect=0%2C0%2C300%2C300&w=300&h=300",id:"ZoVzXh5LeNNTww_M",edit:{x:i,y:i,zoom:e,background:M}},title:[{type:cx,text:"WINE",spans:[],direction:n}],link:{link_type:E,key:"26dbe4cf-8c4f-4043-baf6-1e39309f3b4f",url:jm,target:fc},link_track_adform:c,link_track_ga:c,link_target_blank:b},{image:{dimensions:{width:v,height:v},alt:"Olive Oil",copyright:c,url:"https:\u002F\u002Fimages.prismic.io\u002Feataly-us\u002Fcd4010da-4d61-468c-98d2-2ce6461db0c0_Olive-Oil.jpg?auto=compress,format&rect=0,0,300,300&w=300&h=300",id:"ZONeUBIAACwALwfQ",edit:{x:i,y:i,zoom:e,background:aT}},title:[{type:cx,text:ps,spans:[]}],link:{link_type:E,key:"5b472160-88b8-4248-9ab6-d1125dd2c8ba",url:"https:\u002F\u002Fwww.eataly.com\u002Fus_en\u002Fnationwide-shipping\u002Fextra-virgin-olive-oil"},link_track_adform:c,link_track_ga:c,link_target_blank:a},{image:{dimensions:{width:v,height:v},alt:sP,copyright:c,url:"https:\u002F\u002Fimages.prismic.io\u002Feataly-us\u002F8fab07a0-c0e0-468d-919a-0d40e31e0ffe_Caviar.jpg?auto=compress,format&rect=0,0,300,300&w=300&h=300",id:"ZOD27hIAACoAJHZU",edit:{x:i,y:i,zoom:e,background:aT}},title:[{type:cx,text:sP,spans:[]}],link:{link_type:E,key:"7d6658f0-b521-4f54-a323-6a17222996ee",url:"https:\u002F\u002Fwww.eataly.com\u002Fus_en\u002Fnationwide-shipping\u002Fcaviar"},link_track_adform:c,link_track_ga:c,link_target_blank:a},{image:{dimensions:{width:v,height:v},alt:sQ,copyright:c,url:"https:\u002F\u002Fimages.prismic.io\u002Feataly-us\u002Fcdfc7c85-60c4-4f94-8d64-f494504759de_Sweets.jpg?auto=compress,format&rect=0,0,300,300&w=300&h=300",id:"ZOD27RIAACkAJHZI",edit:{x:i,y:i,zoom:e,background:aT}},title:[{type:cx,text:sQ,spans:[]}],link:{link_type:E,key:"c52a0225-443c-4b62-a8b6-b85f250a618f",url:"https:\u002F\u002Fwww.eataly.com\u002Fus_en\u002Fnationwide-shipping\u002Fsweets"},link_track_adform:c,link_track_ga:c,link_target_blank:a},{image:{dimensions:{width:v,height:v},alt:gK,copyright:c,url:"https:\u002F\u002Fimages.prismic.io\u002Feataly-us\u002Fcaff0997-d53e-4fbd-9823-3dff61770f99_truffles.jpg?auto=format,compress&rect=0,0,300,300&w=300&h=300",id:"ZONe3xIAACoALwpS",edit:{x:i,y:i,zoom:e,background:M}},title:[{type:cx,text:pd,spans:[]}],link:{link_type:E,key:"d765274e-f3a3-4124-93a8-27690458f6ac",url:"https:\u002F\u002Fwww.eataly.com\u002Fus_en\u002Fnationwide-shipping\u002Ftruffles"},link_track_adform:c,link_track_ga:c,link_target_blank:a},{image:{dimensions:{width:v,height:v},alt:sR,copyright:c,url:"https:\u002F\u002Fimages.prismic.io\u002Feataly-us\u002Ffe7bd938-54f4-4d5e-8290-021558f966b8_Meat_V2.jpg?auto=compress,format&rect=0,0,300,300&w=300&h=300",id:"ZOD4qBIAACwAJH3y",edit:{x:i,y:i,zoom:e,background:aT}},title:[{type:cx,text:sR,spans:[]}],link:{link_type:E,key:"8a8c86c7-9caf-45e1-bf97-f06e3b068557",url:"https:\u002F\u002Fwww.eataly.com\u002Fus_en\u002Fnationwide-shipping\u002Fmeats"},link_track_adform:c,link_track_ga:c,link_target_blank:a},{image:{dimensions:{width:v,height:v},alt:iW,copyright:c,url:"https:\u002F\u002Fimages.prismic.io\u002Feataly-us\u002Ff915a272-9ac8-499c-8556-d7a56163d1e0_Vinegar.jpg?auto=compress,format&rect=0,0,300,300&w=300&h=300",id:"ZOD27RIAAC8AJHZJ",edit:{x:i,y:i,zoom:e,background:aT}},title:[{type:cx,text:iW,spans:[]}],link:{link_type:E,key:"7b423a06-d098-4eae-a874-005ff41ed4fc",url:"https:\u002F\u002Fwww.eataly.com\u002Fus_en\u002Fnationwide-shipping\u002Fvinegars"},link_track_adform:c,link_track_ga:c,link_target_blank:a},{image:{dimensions:{width:v,height:v},alt:c,copyright:c,url:"https:\u002F\u002Fimages.prismic.io\u002Feataly-us\u002F9ddf6c25-90f3-4e35-968d-c1768ff14950_coffee.jpg?auto=format,compress&rect=0,0,300,300&w=300&h=300",id:"ZBTSMxYAACwAVygb",edit:{x:i,y:i,zoom:e,background:M}},title:[{type:cx,text:"COFFEE AND TEA",spans:[],direction:n}],link:{link_type:E,key:"f6e55c8c-f06d-4639-8037-9dae75161ff2",url:"https:\u002F\u002Fwww.eataly.com\u002Fus_en\u002Fnationwide-shipping\u002Fcoffee-and-tea"},link_track_adform:c,link_track_ga:c,link_target_blank:a},{image:{dimensions:{width:v,height:v},alt:sS,copyright:c,url:"https:\u002F\u002Fimages.prismic.io\u002Feataly-us\u002F8681facf-a9d0-4737-b053-6a4d08ef7791_Organic.jpg?auto=compress,format&rect=0,0,300,300&w=300&h=300",id:"ZOD27RIAACgAJHZN",edit:{x:i,y:i,zoom:e,background:aT}},title:[{type:cx,text:sS,spans:[]}],link:{link_type:E,key:"ef2b2d3b-c6b1-4566-b556-5b4fe80efa03",url:"https:\u002F\u002Fwww.eataly.com\u002Fus_en\u002Fnationwide-shipping\u002Forganic-foods"},link_track_adform:c,link_track_ga:c,link_target_blank:a},{image:{dimensions:{width:v,height:v},alt:sT,copyright:c,url:"https:\u002F\u002Fimages.prismic.io\u002Feataly-us\u002F49dae2eb-4603-4227-96eb-188388d53df4_GlutenFree.jpg?auto=compress,format&rect=0,0,300,300&w=300&h=300",id:"ZOD27RIAACoAJHZT",edit:{x:i,y:i,zoom:e,background:aT}},title:[{type:cx,text:sT,spans:[]}],link:{link_type:E,key:"f433c7cc-d2f2-4b18-85eb-88a099361391",url:"https:\u002F\u002Fwww.eataly.com\u002Fus_en\u002Fnationwide-shipping\u002Fgluten-free-foods"},link_track_adform:c,link_track_ga:c,link_target_blank:a},{image:{dimensions:{width:v,height:v},alt:sU,copyright:c,url:"https:\u002F\u002Fimages.prismic.io\u002Feataly-us\u002F303b7721-17a1-42b6-9551-fdaa5b0dac68_Home.jpg?auto=compress,format&rect=0,0,300,300&w=300&h=300",id:"ZOD27RIAACsAJHZK",edit:{x:i,y:i,zoom:e,background:aT}},title:[{type:cx,text:sU,spans:[]}],link:{link_type:E,key:"879cebd4-35c7-4b8b-b3c5-515a9827ae08",url:"https:\u002F\u002Fwww.eataly.com\u002Fus_en\u002Fnationwide-shipping\u002Fitalian-home-goods"},link_track_adform:c,link_track_ga:c,link_target_blank:a}],id:"store_carousel$e84207a7-2cf1-46ce-8807-6c8f93fedc8f",slice_type:sV,slice_label:c},{primary:{width:mj,gutter:a},items:[{image:{dimensions:{width:jt,height:hj},alt:c,copyright:c,url:"https:\u002F\u002Fimages.prismic.io\u002Feataly-us\u002FaCy28idWJ-7kSXAV_Caffe-Banner_975x400.jpg?auto=format,compress",id:"aCy28idWJ-7kSXAV",edit:{x:i,y:i,zoom:e,background:M},mobile:{dimensions:{width:ni,height:366},alt:c,copyright:c,url:"https:\u002F\u002Fimages.prismic.io\u002Feataly-us\u002FaErhvLNJEFaPX6RC_Caffe-Banner-Mobile_366x320.jpg?auto=format,compress&rect=43,0,280,320&w=320&h=366",id:"aErhvLNJEFaPX6RC",edit:{x:pr,y:i,zoom:e,background:M}}},title:[{type:u,text:"Eataly Caff \nis Here",spans:[],direction:n}],description:[{type:x,text:"Experience a taste of Italy's renowned \ncoffeebar culture in New York City.\nOrder ahead on our new Eataly Caff app.",spans:[],direction:n}],link:{link_type:E,key:"e0fe769b-c4b4-4bb0-9c02-fccd8925a208",url:"https:\u002F\u002Fwww.eataly.com\u002Fus_en\u002Feataly-caffe"},link_track_adform:c,link_track_ga:c,link_target_blank:b,link_label:"EXPLORE NOW",link_look:aQ}],id:"banner$ee9661be-92f2-4926-9e58-549a1ed46917",slice_type:mk,slice_label:c},{primary:{internal_anchor_id:c,slice_visibility:b,slice_position:ju,image:{},image_position:jv,image_align:hk,title:[{type:H,text:"In the New York Area? Order ahead on the Eataly Caff App.",spans:[],direction:n}],title_align:cQ,title_font_sans:a,title_font_small:a,text:[{type:x,text:"Only available at Eataly Caff locations. Terms & Conditions apply. ",spans:[],direction:n}],text_align:cQ,cta_link:{link_type:D},cta_link_track_adform:c,cta_link_track_ga:c,cta_link_target_blank:a,cta_label:c,cta_look:aQ,cta_align:C,subsection_columns:sW,subsection_image_size:sX,subsection_image_shape:jw,subsection_line_on_text:a,subsection_images_position:jx,gutter:a},items:[{image:{dimensions:{width:239,height:jW},alt:c,copyright:c,url:"https:\u002F\u002Fimages.prismic.io\u002Feataly-us\u002FaBDc2_IqRLdaBtkS_AppleAppIcon_239x80.jpg?auto=format,compress",id:"aBDc2_IqRLdaBtkS",edit:{x:i,y:i,zoom:e,background:M}},internal_anchor_id:c,image_position:hk,title:[],title_align:C,title_font_sans:a,title_font_small:a,title_color:c,text:[],text_align:C,cta_link:{link_type:E,key:"62cf9101-cacc-4501-9cac-e323546b8705",url:"https:\u002F\u002Fapps.apple.com\u002Fus\u002Fapp\u002Feataly-caff\u002Fid6670756138"},cta_link_track_adform:c,cta_link_track_ga:c,cta_link_target_blank:a,cta_label:sY,cta_look:aQ,cta_align:cQ},{image:{dimensions:{width:270,height:jW},alt:c,copyright:c,url:"https:\u002F\u002Fimages.prismic.io\u002Feataly-us\u002FaBDc3PIqRLdaBtkT_GoogleAppIcon_270x80.jpg?auto=format,compress",id:"aBDc3PIqRLdaBtkT",edit:{x:i,y:i,zoom:e,background:M}},internal_anchor_id:c,image_position:hk,title:[],title_align:C,title_font_sans:a,title_font_small:a,title_color:c,text:[],text_align:C,cta_link:{link_type:E,key:"dd3cc2f0-077c-4478-aa7b-a91a85424c47",url:"https:\u002F\u002Fplay.google.com\u002Fstore\u002Fapps\u002Fdetails?id=com.eatalycaffe"},cta_link_track_adform:c,cta_link_track_ga:c,cta_link_target_blank:a,cta_label:sY,cta_look:aQ,cta_align:cQ}],id:"content$38d2ed7b-cd9a-4e80-9385-1402abed0adb",slice_type:jy,slice_label:c},{primary:{slice_visibility:b,title:[{type:H,text:"HOLIDAY ALL'ITALIANA",spans:[],direction:n}],description:[{type:x,text:"Celebrate the holidays this year with our favorites, delivered fresh to you, or even at our table, no dishes required.",spans:[],direction:n}],background_color:c,items_alignment:hl,box_title_and_text_alignment:sZ,title_font_sans:a,box_shape:s_,show_boxed_titles:a,layout_mobile:s$,cta_link:{link_type:D},cta_link_track_adform:c,cta_link_track_ga:c,cta_link_target_blank:a,cta_label:c,cta_look:aQ,gutter:a},items:[{image_cols6:{},image_cols5:{},image_cols4:{},image_cols3:{},image_cols2:{dimensions:{width:jz,height:jA},alt:c,copyright:c,url:"https:\u002F\u002Fimages.prismic.io\u002Feataly-us\u002FaS9VRHNYClf9nuSW_Holiday-Hero-2_970x472.jpg?auto=format,compress&rect=0,0,970,472&w=970&h=472",id:"aS9VRHNYClf9nuSW",edit:{x:i,y:i,zoom:e,background:M}},image_tablet_cols6:{},image_mobile:{},image_mobile_cols2:{},image_circular:{},title:[{type:H,text:"CELEBRATE WITH US",spans:[],direction:n}],short_description:[{type:x,text:"Let us take care of the hard work for you. From catering and local delivery to dining in our restaurants, we'll make this your easiest holiday yet.",spans:[],direction:n}],link:{id:"ZyKInxoAAEAA1mEJ",type:bE,tags:[],lang:m,slug:"holidays-at-eataly",first_publication_date:"2024-10-30T22:10:56+0000",last_publication_date:"2025-11-17T19:52:06+0000",data:{custom_uid:"holiday"},link_type:k,key:"15376654-870d-4707-88c2-675ce40adcac",isBroken:a},link_track_adform:c,link_track_ga:c,link_target_blank:a,cta_look:aQ,cta_label:"EXPLORE HOLIDAYS"},{image_cols6:{},image_cols5:{},image_cols4:{},image_cols3:{},image_cols2:{dimensions:{width:jz,height:jA},alt:c,copyright:c,url:"https:\u002F\u002Fimages.prismic.io\u002Feataly-us\u002FaS8K2XNYClf9ntWI_Holiday-Catering_970x472.jpg?auto=format,compress&rect=0,0,970,472&w=970&h=472",id:"aS8K2XNYClf9ntWI",edit:{x:i,y:i,zoom:e,background:M}},image_tablet_cols6:{},image_mobile:{},image_mobile_cols2:{},image_circular:{},title:[{type:H,text:"SHOP HOSTING FAVORITES",spans:[],direction:n}],short_description:[{type:x,text:"The most important time of the year for entertaining is here. Order ingredients, tools, and hosting must-haves, all delivered right to your door.",spans:[],direction:n}],link:{link_type:E,key:"b4c6fb83-99f6-4423-b1aa-e1924b4a2862",url:"https:\u002F\u002Fwww.eataly.com\u002Fus_en\u002Fnationwide-shipping\u002Fholiday-hosting-1"},link_track_adform:c,link_track_ga:c,link_target_blank:a,cta_look:aQ,cta_label:"SHOP HOSTING"}],id:"linked_image_boxes$644acdf9-7c54-4c97-aade-efca42931af3",slice_type:ta,slice_label:c},{primary:{width:mj,gutter:a},items:[{image:{dimensions:{width:jt,height:hj},alt:c,copyright:c,url:"https:\u002F\u002Fimages.prismic.io\u002Feataly-us\u002FaS9LvHNYClf9nuLi_GB-Banner-3_975x400.jpg?auto=format,compress",id:tb,edit:{x:i,y:i,zoom:e,background:M},mobile:{dimensions:{width:tc,height:td},alt:c,copyright:c,url:"https:\u002F\u002Fimages.prismic.io\u002Feataly-us\u002FaS9LvHNYClf9nuLi_GB-Banner-3_975x400.jpg?auto=format%2Ccompress&rect=139%2C59%2C258%2C290&w=960&h=1080",id:tb,edit:{x:139,y:nP,zoom:1.38,background:M}}},title:[{type:u,text:"Curated Gift Boxes",spans:[],direction:n}],description:[{type:x,text:"Cross everyone off your list, without even needing to check it twice. From themed wine collections to Italian household staples, our gift boxes are the perfect way to show someone you care. ",spans:[],direction:n}],link:{link_type:D},link_track_adform:c,link_track_ga:c,link_target_blank:a,link_label:c,link_look:aQ}],id:"banner$2e2ad749-b6ed-49c4-8e57-a8d520e391e6",slice_type:mk,slice_label:c},{primary:{title:[{type:H,text:"ARTISANAL GIFT BOXES",spans:[],direction:n}],text:[{type:x,text:"Holiday gifting made easy.",spans:[],direction:n}],carousel:b,carousel_product_per_slide:j,link:{link_type:E,key:"27652278-c984-46c7-b2aa-f07658f60e81",url:"https:\u002F\u002Fwww.eataly.com\u002Fus_en\u002Fnationwide-shipping\u002Fgifts\u002Fgift-boxes"},link_track_adform:c,link_track_ga:c,link_target_blank:a,link_label:"SHOP GIFT BOXES",background_color:gQ,exclude_out_of_stock_products:b,category_field:{entity_id:sh,path:si},products_per_carousel:aH,order_products_as_events:a,gutter:a},items:[],id:"product_cards$6cc12a03-ada0-428e-b02c-cd135e3b7e2e",slice_type:ib,slice_label:c},{primary:{width:mj,gutter:a},items:[{image:{dimensions:{width:2563,height:1050},alt:c,copyright:c,url:"https:\u002F\u002Fimages.prismic.io\u002Feataly-us\u002FaQJTdLpReVYa3zqI_Panettone-NEW-3_2562x1050.jpg?auto=format,compress",id:te,edit:{x:i,y:i,zoom:e,background:M},mobile:{dimensions:{width:tc,height:td},alt:c,copyright:c,url:"https:\u002F\u002Fimages.prismic.io\u002Feataly-us\u002FaQJTdLpReVYa3zqI_Panettone-NEW-3_2562x1050.jpg?auto=format%2Ccompress&rect=1943%2C28%2C322%2C362&w=960&h=1080",id:te,edit:{x:1943,y:dt,zoom:2.9,background:M}}},title:[{type:u,text:"Pick Your Perfect\nPanettone",spans:[],direction:n}],description:[{type:x,text:"The best flavor of the season is already here. From classic with orange and fruit to new flavors like chocolate, coffee, and more, we have the perfect panettone and pandoro for your table.",spans:[{start:151,end:160,type:du},{start:pJ,end:172,type:du}],direction:n}],link:{link_type:E,key:"d0b80a4d-bc5e-415f-9147-7f720810a898",url:sM},link_track_adform:c,link_track_ga:c,link_target_blank:a,link_label:c,link_look:aQ}],id:"banner$454a421c-9296-476b-8ea9-0ffff9bc0683",slice_type:mk,slice_label:c},{primary:{title:[{type:H,text:"AUTHENTIC PANETTONE & PANDORO",spans:[],direction:n}],text:[{type:x,text:"Find your favorite flavors, from classic to inspired.",spans:[],direction:n}],carousel:b,carousel_product_per_slide:j,link:{link_type:E,key:"09ea61e8-9cb6-4147-8813-f0c080b80293",url:se},link_track_adform:c,link_track_ga:c,link_target_blank:a,link_label:"SHOP PANETTONE",background_color:gQ,exclude_out_of_stock_products:b,category_field:{entity_id:sm,path:sn},products_per_carousel:aH,order_products_as_events:a,gutter:a},items:[{is_featured:b,product:{sku:"1158587"},description_featured_product:[],label_featured_product:[],background_color_for_label:c},{is_featured:b,product:{sku:km},description_featured_product:[],label_featured_product:[],background_color_for_label:c},{is_featured:b,product:{sku:"1163007"},description_featured_product:[],label_featured_product:[],background_color_for_label:c},{is_featured:b,product:{sku:sb},description_featured_product:[],label_featured_product:[],background_color_for_label:c},{is_featured:b,product:{sku:sd},description_featured_product:[],label_featured_product:[],background_color_for_label:c},{is_featured:b,product:{sku:kC},description_featured_product:[],label_featured_product:[],background_color_for_label:c},{is_featured:b,product:{sku:"1122399"},description_featured_product:[],label_featured_product:[],background_color_for_label:c},{is_featured:b,product:{sku:"1167192"},description_featured_product:[],label_featured_product:[],background_color_for_label:c},{is_featured:b,product:{sku:"1167583"},description_featured_product:[],label_featured_product:[],background_color_for_label:c},{is_featured:b,product:{sku:"1167186"},description_featured_product:[],label_featured_product:[],background_color_for_label:c},{is_featured:b,product:{sku:"1162989"},description_featured_product:[],label_featured_product:[],background_color_for_label:c},{is_featured:b,product:{sku:"1163044"},description_featured_product:[],label_featured_product:[],background_color_for_label:c},{is_featured:a,product:{sku:"1167162"},description_featured_product:[],label_featured_product:[],background_color_for_label:c}],id:"product_cards$ed3c695f-87cc-426f-be39-4a90ebcbd2ad",slice_type:ib,slice_label:c},{primary:{title:[{type:H,text:"EATALY ICONS",spans:[],direction:n}],text:[{type:x,text:"We're proud to bring you an authentic taste of Italy by working with artisan producers.",spans:[],direction:n}],carousel:b,carousel_product_per_slide:j,link:{link_type:E,key:"2da4a8b5-59f0-44ba-a253-0dc3427538da",url:"https:\u002F\u002Fwww.eataly.com\u002Fus_en\u002Fnationwide-shipping\u002Feataly-signatures"},link_track_adform:c,link_track_ga:c,link_target_blank:a,link_label:l_,background_color:gQ,exclude_out_of_stock_products:b,category_field:c,products_per_carousel:aH,order_products_as_events:a,gutter:a},items:[{is_featured:b,product:{sku:sc},description_featured_product:[],label_featured_product:[],background_color_for_label:c},{is_featured:b,product:{sku:nX},description_featured_product:[],label_featured_product:[],background_color_for_label:c},{is_featured:b,product:{sku:"1162875"},description_featured_product:[],label_featured_product:[],background_color_for_label:c},{is_featured:b,product:{sku:"1164907"},description_featured_product:[],label_featured_product:[],background_color_for_label:c},{is_featured:b,product:{sku:"1165143"},description_featured_product:[],label_featured_product:[],background_color_for_label:c},{is_featured:b,product:{sku:"1165146"},description_featured_product:[],label_featured_product:[],background_color_for_label:c},{is_featured:b,product:{sku:od},description_featured_product:[],label_featured_product:[],background_color_for_label:c},{is_featured:b,product:{sku:ok},description_featured_product:[],label_featured_product:[],background_color_for_label:c},{is_featured:b,product:{sku:"1162516"},description_featured_product:[],label_featured_product:[],background_color_for_label:c},{is_featured:b,product:{sku:op},description_featured_product:[],label_featured_product:[],background_color_for_label:c}],id:"product_cards$0c06edf5-df49-494a-9852-7c18026138c5",slice_type:ib,slice_label:c},{primary:{title:[{type:H,text:sN,spans:[],direction:n}],text:[{type:x,text:"Find your new favorites among our favorites, from pantry staples to housewares.",spans:[],direction:n}],carousel:b,carousel_product_per_slide:j,link:{link_type:E,key:"56fd8cb3-d3f0-4e7d-85a0-a3cbfad136c2",url:sO},link_track_adform:c,link_track_ga:c,link_target_blank:a,link_label:"SHOP BEST SELLERS",background_color:gQ,exclude_out_of_stock_products:b,category_field:{entity_id:lN,path:lO},products_per_carousel:aH,order_products_as_events:b,gutter:a},items:[{is_featured:b,product:{sku:"1137118"},description_featured_product:[],label_featured_product:[],background_color_for_label:c},{is_featured:b,product:{sku:"514445"},description_featured_product:[],label_featured_product:[],background_color_for_label:c}],id:"product_cards$4062e27d-c798-40c2-8e25-1af2d2139785",slice_type:ib,slice_label:c},{primary:{internal_anchor_id:c,slice_visibility:b,slice_position:ju,image:{dimensions:{width:jt,height:hj},alt:im,copyright:c,url:"https:\u002F\u002Fimages.prismic.io\u002Feataly-us\u002FZvW4I7VsGrYSwDTq_ENET_October_2024_ImageBanner.jpg?auto=format,compress",id:"ZvW4I7VsGrYSwDTq",edit:{x:i,y:i,zoom:e,background:M}},image_position:jv,image_align:hk,title:[{type:H,text:qq,spans:[],direction:n}],title_align:cQ,title_font_sans:a,title_font_small:a,text:[{type:x,text:"From hands-on pasta-making classes to storewide wine tastings, explore our calendar of immersive experiences.",spans:[],direction:n}],text_align:cQ,cta_link:{link_type:E,key:"fef9eac4-cd9f-4fae-a9b6-862c6631cd3e",url:qr,target:X},cta_link_track_adform:c,cta_link_track_ga:c,cta_link_target_blank:a,cta_label:tf,cta_look:aQ,cta_align:cQ,subsection_columns:hl,subsection_image_size:c,subsection_image_shape:jw,subsection_line_on_text:a,subsection_images_position:jx,gutter:a},items:[],id:"content$141e58f6-18b6-4962-aa97-dd512719f01a",slice_type:jy,slice_label:c},{primary:{slice_visibility:b,title:[{type:H,text:"ENTERTAIN WITH EATALY",spans:[],direction:n}],description:[],background_color:gQ,items_alignment:sW,box_title_and_text_alignment:sZ,title_font_sans:a,box_shape:s_,show_boxed_titles:a,layout_mobile:s$,cta_link:{link_type:D},cta_link_track_adform:c,cta_link_track_ga:c,cta_link_target_blank:a,cta_label:c,cta_look:aQ,gutter:a},items:[{image_cols6:{},image_cols5:{},image_cols4:{},image_cols3:{},image_cols2:{dimensions:{width:jz,height:jA},alt:ma,copyright:c,url:"https:\u002F\u002Fimages.prismic.io\u002Feataly-us\u002FZvW4JLVsGrYSwDTr_ENET_October_2024_LinkedBox_01.jpg?auto=format,compress&rect=0,0,970,472&w=970&h=472",id:"ZvW4JLVsGrYSwDTr",edit:{x:i,y:i,zoom:e,background:M}},image_tablet_cols6:{},image_mobile:{},image_mobile_cols2:{},image_circular:{},title:[{type:H,text:ma,spans:[],direction:n}],short_description:[{type:x,text:"Whether youre hosting a birthday dinner for 12 or a celebration for 300, well help you design the party of your dreams.",spans:[],direction:n}],link:{id:qz,type:bE,tags:[],lang:m,slug:qA,first_publication_date:qB,last_publication_date:qC,data:{custom_uid:qD},link_type:k,key:"b67084bc-77b3-40d2-bd8f-0224189f67a6",isBroken:a},link_track_adform:c,link_track_ga:c,link_target_blank:a,cta_look:aQ,cta_label:"HOST AT EATALY"},{image_cols6:{},image_cols5:{},image_cols4:{},image_cols3:{},image_cols2:{dimensions:{width:jz,height:jA},alt:"Eataly Catering",copyright:c,url:"https:\u002F\u002Fimages.prismic.io\u002Feataly-us\u002FaFHCz7NJEFaPYCpV_Catering_970x472.jpg?auto=format,compress&rect=0,0,970,472&w=970&h=472",id:"aFHCz7NJEFaPYCpV",edit:{x:i,y:i,zoom:e,background:M}},image_tablet_cols6:{},image_mobile:{},image_mobile_cols2:{},image_circular:{},title:[{type:H,text:"CATER YOUR FEAST",spans:[],direction:n}],short_description:[{type:x,text:"Host the easy way. From breakfast to aperitivo and dinner parties, we'll deliver an authentic Italian experience.",spans:[{start:fp,end:hS,type:du}],direction:n}],link:{link_type:E,key:"bc782c9c-2b09-4a62-b600-dcc91a87b87c",url:"https:\u002F\u002Fwww.eataly.com\u002Fus_en\u002Fcatering"},link_track_adform:c,link_track_ga:c,link_target_blank:b,cta_look:aQ,cta_label:"GET IN TOUCH"}],id:"linked_image_boxes$010016a3-731e-4b2a-a555-ba1b461526f1",slice_type:ta,slice_label:c},{primary:{internal_anchor_id:c,slice_visibility:b,slice_position:ju,image:{dimensions:{width:974,height:hj},alt:"Eataly X Instacart",copyright:c,url:"https:\u002F\u002Fimages.prismic.io\u002Feataly-us\u002FZmce8Jm069VX1m1t_InstacartPromo_2024_Web-ImageBanner.jpg?auto=format,compress?auto=compress,format",id:"Zmce8Jm069VX1m1t",edit:{x:i,y:i,zoom:e,background:aT}},image_position:jv,image_align:hk,title:[{type:H,text:"Enjoy $25 off your first Instacart order with Eataly when you spend $75 or more*",spans:[]}],title_align:cQ,title_font_sans:a,title_font_small:a,text:[{type:x,text:"Lucky enough to live near one of our stores, but can't make it in? We've got you covered! Get store to door delivery in as little as 1 hour with Instacart.",spans:[]}],text_align:cQ,cta_link:{link_type:E,key:"6074fe2e-59d5-46f9-a240-3d815eed32d5",url:"https:\u002F\u002Fwww.instacart.com\u002Feataly",target:fc},cta_link_track_adform:c,cta_link_track_ga:c,cta_link_target_blank:b,cta_label:"GET STARTED",cta_look:aQ,cta_align:C,subsection_columns:hl,subsection_image_size:c,subsection_image_shape:jw,subsection_line_on_text:a,subsection_images_position:jx,gutter:a},items:[{image:{},internal_anchor_id:c,image_position:tg,title:[],title_align:C,title_font_sans:a,title_font_small:a,title_color:c,text:[{type:x,text:"*Offer valid only on orders totaling $75 or more and is applicable only on your first-ever order with Eataly on Instacart. Valid through December 31, 2025. Visit instacart.com for more details.",spans:[{start:i,end:193,type:du}],direction:n}],text_align:cQ,cta_link:{link_type:D},cta_link_track_adform:c,cta_link_track_ga:c,cta_link_target_blank:a,cta_label:c,cta_look:aQ,cta_align:C}],id:"content$61d83c7b-2b5b-4369-a8f2-bddd1b07d4de",slice_type:jy,slice_label:c},{primary:{title:[{type:H,text:fL,spans:[],direction:n}],text:[],cta_link:{id:b_,type:b$,tags:[],lang:m,slug:ca,first_publication_date:cb,last_publication_date:cc,data:{custom_uid:cP},link_type:k,key:"b39786a4-f8fc-49f4-bce7-a4310e58e616",isBroken:a},cta_link_track_adform:c,cta_link_track_ga:c,cta_link_target_blank:a,cta_label:"MORE STORIES",cta_look:aQ,grid:"cols3",is_carousel:a,label_type:c,total_items:c,filter_type:c,gutter:a},items:[{article:{id:"ZVejMRIAACwAa_Wh",type:gR,tags:[],lang:m,slug:"christmas-in-italy-food-and-traditions",first_publication_date:"2023-11-17T17:58:52+0000",last_publication_date:"2025-12-02T16:26:24+0000",data:{custom_uid:pA,first_level:{id:b_,type:b$,tags:[],lang:m,slug:ca,first_publication_date:cb,last_publication_date:cc,data:{custom_uid:cP},link_type:k,key:pF,isBroken:a},second_level:{id:eV,type:cE,tags:[c$],lang:m,slug:eW,first_publication_date:eX,last_publication_date:eY,data:{custom_uid:eZ,first_level:{id:b_,type:b$,tags:[],lang:m,slug:ca,first_publication_date:cb,last_publication_date:cc,link_type:k,key:ml,isBroken:a}},link_type:k,key:pG,isBroken:a}},link_type:k,key:"bd5cf751-20b5-4937-bc2e-f4ca2ebebe1f",isBroken:a},layout:c},{article:{id:"Y_TibRIAACoAakQ2",type:gR,tags:[],lang:m,slug:"vin-brule-mulled-wine-recipe",first_publication_date:"2023-02-21T15:25:36+0000",last_publication_date:"2025-12-02T16:27:33+0000",data:{custom_uid:pH,first_level:{id:b_,type:b$,tags:[],lang:m,slug:ca,first_publication_date:cb,last_publication_date:cc,data:{custom_uid:cP},link_type:k,key:pN,isBroken:a},third_level:{id:lB,type:e_,tags:[],lang:m,slug:lC,first_publication_date:lD,last_publication_date:lE,data:{custom_uid:lF,first_level:{id:b_,type:b$,tags:[],lang:m,slug:ca,first_publication_date:cb,last_publication_date:cc,link_type:k,key:"a7c3d5ad-ec0a-4e54-be49-8308cedf7564",isBroken:a},second_level:{id:ic,type:e_,tags:[],lang:m,slug:ek,first_publication_date:id,last_publication_date:ie,link_type:k,key:"1a5487ba-74dc-473b-a767-2fcf6aaf8821",isBroken:a}},link_type:k,key:pP,isBroken:a},second_level:{id:ic,type:e_,tags:[],lang:m,slug:ek,first_publication_date:id,last_publication_date:ie,data:{custom_uid:ek,first_level:{id:b_,type:b$,tags:[],lang:m,slug:ca,first_publication_date:cb,last_publication_date:cc,link_type:k,key:"95c16236-cb2d-404b-b605-4240a8195278",isBroken:a}},link_type:k,key:pO,isBroken:a}},link_type:k,key:"043996d1-4d4d-428e-9e39-dca38a2db98a",isBroken:a},layout:c},{article:{id:"ZRM_OBIAACgA-xpX",type:gR,tags:[],lang:m,slug:"italian-new-years-eve-traditions",first_publication_date:"2023-09-26T20:30:37+0000",last_publication_date:"2025-01-02T17:15:21+0000",data:{custom_uid:pQ,first_level:{id:b_,type:b$,tags:[],lang:m,slug:ca,first_publication_date:cb,last_publication_date:cc,data:{custom_uid:cP},link_type:k,key:pW,isBroken:a},second_level:{id:eV,type:cE,tags:[c$],lang:m,slug:eW,first_publication_date:eX,last_publication_date:eY,data:{custom_uid:eZ,first_level:{id:b_,type:b$,tags:[],lang:m,slug:ca,first_publication_date:cb,last_publication_date:cc,link_type:k,key:ml,isBroken:a}},link_type:k,key:pX,isBroken:a}},link_type:k,key:"fa802b58-b618-4ebe-b6b4-395beffacbd3",isBroken:a},layout:c}],id:"magazine_articles$6f94d2ad-7a6b-4688-86b5-131081e4ea3a",slice_type:"magazine_articles",slice_label:c},{primary:{title:[{type:H,text:tf,spans:[],direction:n}],description:[],gutter:a},items:[{image:{dimensions:{width:v,height:v},alt:c,copyright:c,url:"https:\u002F\u002Fimages.prismic.io\u002Feataly-us\u002FZ3bEnJbqstJ98_nC_NYC.jpg?auto=format,compress&rect=0,0,300,300&w=300&h=300",id:"Z3bEnJbqstJ98_nC",edit:{x:i,y:i,zoom:e,background:M}},title:[],link:{id:qF,type:bE,tags:[],lang:m,slug:qG,first_publication_date:qH,last_publication_date:cw,data:{custom_uid:lW},link_type:k,key:"2da05275-16d3-497f-a8b4-2bcaaa52ee7c",isBroken:a},link_track_adform:c,link_track_ga:c,link_target_blank:a},{image:{dimensions:{width:v,height:v},alt:c,copyright:c,url:"https:\u002F\u002Fimages.prismic.io\u002Feataly-us\u002FaTL3x3NYClf9n3J4_Store-Carousel-Name-Block-WPB_NEW-2.jpg?auto=format,compress&rect=0,0,300,300&w=300&h=300",id:"aTL3x3NYClf9n3J4",edit:{x:i,y:i,zoom:e,background:M}},title:[],link:{id:rz,type:bS,tags:[bG],lang:m,slug:rA,first_publication_date:rB,last_publication_date:rC,data:{custom_uid:rD,first_level:{id:by,type:bz,tags:[bA],lang:m,slug:bB,first_publication_date:bC,last_publication_date:bD,data:{custom_uid:bk},link_type:k,key:rE,isBroken:a}},link_type:k,key:"18a6d44d-b061-43cd-8595-e8748760378b",isBroken:a},link_track_adform:c,link_track_ga:c,link_target_blank:a},{image:{dimensions:{width:v,height:v},alt:c,copyright:c,url:"https:\u002F\u002Fimages.prismic.io\u002Feataly-us\u002FaTL3aXNYClf9n3Jg_Store-Carousel-Name-Block_EKP.jpg?auto=format,compress&rect=0,0,300,300&w=300&h=300",id:"aTL3aXNYClf9n3Jg",edit:{x:i,y:i,zoom:e,background:M}},title:[],link:{id:ru,type:bS,tags:[bG],lang:m,slug:rv,first_publication_date:rw,last_publication_date:cw,data:{custom_uid:rx,first_level:{id:by,type:bz,tags:[bA],lang:m,slug:bB,first_publication_date:bC,last_publication_date:bD,data:{custom_uid:bk},link_type:k,key:ry,isBroken:a}},link_type:k,key:"dc6d45c6-a70e-4a3b-a5b3-79c952e10da1",isBroken:a},link_track_adform:c,link_track_ga:c,link_target_blank:a},{image:{dimensions:{width:v,height:v},alt:c,copyright:c,url:"https:\u002F\u002Fimages.prismic.io\u002Feataly-us\u002FaOf-NZ5xUNkB1zKm_Store-Carousel-Name-Block_Miami_300x300.jpg?auto=format,compress&rect=0,0,300,300&w=300&h=300",id:"aOf-NZ5xUNkB1zKm",edit:{x:i,y:i,zoom:e,background:M}},title:[],link:{id:rp,type:bS,tags:[bG],lang:m,slug:rq,first_publication_date:rr,last_publication_date:cw,data:{custom_uid:fK,first_level:{id:by,type:bz,tags:[bA],lang:m,slug:bB,first_publication_date:bC,last_publication_date:bD,data:{custom_uid:bk},link_type:k,key:rs,isBroken:a}},link_type:k,key:"79cfce17-bb00-4de8-b9f3-f3301604b853",isBroken:a},link_track_adform:c,link_track_ga:c,link_target_blank:a},{image:{dimensions:{width:v,height:v},alt:c,copyright:c,url:"https:\u002F\u002Fimages.prismic.io\u002Feataly-us\u002FaEnEbrNJEFaPX4Jw_Store-Carousel-Name-Block_New-Jersey_300x300.jpg?auto=format,compress&rect=0,0,300,300&w=300&h=300",id:"aEnEbrNJEFaPX4Jw",edit:{x:i,y:i,zoom:e,background:M}},title:[],link:{id:rk,type:bS,tags:[bG],lang:m,slug:rl,first_publication_date:rm,last_publication_date:cw,data:{custom_uid:rn,first_level:{id:by,type:bz,tags:[bA],lang:m,slug:bB,first_publication_date:bC,last_publication_date:bD,data:{custom_uid:bk},link_type:k,key:ro,isBroken:a}},link_type:k,key:"02118ec9-06bf-4157-9b7e-4c074fa3772f",isBroken:a},link_track_adform:c,link_track_ga:c,link_target_blank:a},{image:{dimensions:{width:v,height:v},alt:c,copyright:c,url:"https:\u002F\u002Fimages.prismic.io\u002Feataly-us\u002FZ3bEmJbqstJ98_m9_Boston.jpg?auto=format,compress&rect=0,0,300,300&w=300&h=300",id:"Z3bEmJbqstJ98_m9",edit:{x:i,y:i,zoom:e,background:M}},title:[],link:{id:qN,type:bS,tags:[bG],lang:m,slug:qO,first_publication_date:qP,last_publication_date:qQ,data:{custom_uid:fI,first_level:{id:by,type:bz,tags:[bA],lang:m,slug:bB,first_publication_date:bC,last_publication_date:bD,data:{custom_uid:bk},link_type:k,key:qR,isBroken:a}},link_type:k,key:"4e6f0d4b-edac-4636-a487-ba5b295ee405",isBroken:a},link_track_adform:c,link_track_ga:c,link_target_blank:a},{image:{dimensions:{width:v,height:v},alt:c,copyright:c,url:"https:\u002F\u002Fimages.prismic.io\u002Feataly-us\u002FZ3bEmZbqstJ98_m-_Chicago.jpg?auto=format,compress&rect=0,0,300,300&w=300&h=300",id:"Z3bEmZbqstJ98_m-",edit:{x:i,y:i,zoom:e,background:M}},title:[],link:{id:qJ,type:bS,tags:[bG],lang:m,slug:qK,first_publication_date:qL,last_publication_date:cw,data:{custom_uid:fH,first_level:{id:by,type:bz,tags:[bA],lang:m,slug:bB,first_publication_date:bC,last_publication_date:bD,data:{custom_uid:bk},link_type:k,key:qM,isBroken:a}},link_type:k,key:"2a1bf0a5-df1d-4ba8-bf7a-c929aef3cee2",isBroken:a},link_track_adform:c,link_track_ga:c,link_target_blank:a},{image:{dimensions:{width:v,height:v},alt:c,copyright:c,url:"https:\u002F\u002Fimages.prismic.io\u002Feataly-us\u002FZ3bE3JbqstJ98_nR_Dallas.jpg?auto=format,compress&rect=0,0,300,300&w=300&h=300",id:"Z3bE3JbqstJ98_nR",edit:{x:i,y:i,zoom:e,background:M}},title:[],link:{id:rb,type:bS,tags:[bG],lang:m,slug:rc,first_publication_date:rd,last_publication_date:cw,data:{custom_uid:fJ,first_level:{id:by,type:bz,tags:[bA],lang:m,slug:bB,first_publication_date:bC,last_publication_date:bD,data:{custom_uid:bk},link_type:k,key:re,isBroken:a}},link_type:k,key:"68cfd77c-4247-42d4-b5a4-a423af93bf89",isBroken:a},link_track_adform:c,link_track_ga:c,link_target_blank:a},{image:{dimensions:{width:v,height:v},alt:c,copyright:c,url:"https:\u002F\u002Fimages.prismic.io\u002Feataly-us\u002FZ3bEm5bqstJ98_nB_LosAngeles.jpg?auto=format,compress&rect=0,0,300,300&w=300&h=300",id:"Z3bEm5bqstJ98_nB",edit:{x:i,y:i,zoom:e,background:M}},title:[],link:{id:qS,type:bS,tags:[bG],lang:m,slug:qT,first_publication_date:qU,last_publication_date:cw,data:{custom_uid:qV,first_level:{id:by,type:bz,tags:[bA],lang:m,slug:bB,first_publication_date:bC,last_publication_date:bD,data:{custom_uid:bk},link_type:k,key:qW,isBroken:a}},link_type:k,key:"ce283621-e680-4bee-b34d-c9b3d47b9fd3",isBroken:a},link_track_adform:c,link_track_ga:c,link_target_blank:a},{image:{dimensions:{width:v,height:v},alt:c,copyright:c,url:"https:\u002F\u002Fimages.prismic.io\u002Feataly-us\u002FZ3bEnpbqstJ98_nE_SiliconValley.jpg?auto=format,compress&rect=0,0,300,300&w=300&h=300",id:"Z3bEnpbqstJ98_nE",edit:{x:i,y:i,zoom:e,background:M}},title:[],link:{id:rf,type:bS,tags:[bG],lang:m,slug:rg,first_publication_date:rh,last_publication_date:cw,data:{custom_uid:ri,first_level:{id:by,type:bz,tags:[bA],lang:m,slug:bB,first_publication_date:bC,last_publication_date:bD,data:{custom_uid:bk},link_type:k,key:rj,isBroken:a}},link_type:k,key:"ae71b330-ff99-404f-a329-f00e1026dfe2",isBroken:a},link_track_adform:c,link_track_ga:c,link_target_blank:a},{image:{dimensions:{width:v,height:v},alt:c,copyright:c,url:"https:\u002F\u002Fimages.prismic.io\u002Feataly-us\u002FZ3bEmpbqstJ98_nA_LasVegas.jpg?auto=format,compress&rect=0,0,300,300&w=300&h=300",id:"Z3bEmpbqstJ98_nA",edit:{x:i,y:i,zoom:e,background:M}},title:[],link:{id:qX,type:bS,tags:[bG],lang:m,slug:qY,first_publication_date:qZ,last_publication_date:q_,data:{custom_uid:q$,first_level:{id:by,type:bz,tags:[bA],lang:m,slug:bB,first_publication_date:bC,last_publication_date:bD,data:{custom_uid:bk},link_type:k,key:ra,isBroken:a}},link_type:k,key:"aef4e85d-aa8e-4e01-b752-e89cc9df6544",isBroken:a},link_track_adform:c,link_track_ga:c,link_target_blank:a}],id:"store_carousel$ceb8fc96-ffcd-45d9-ac96-af08e2800188",slice_type:sV,slice_label:c},{primary:{title:[{type:H,text:"OUR PARTNERS",spans:[],direction:n}],title_align:cQ,text:[],text_align:c,cta_link:{link_type:D},cta_link_track_adform:c,cta_link_track_ga:c,cta_link_target_blank:a,cta_label:c,cta_look:aQ,cta_align:C,subsection_columns:hl,subsection_line_on_text:a,gutter:a},items:[],id:"text_column$b30bbddf-e875-415b-ad65-40975fa21316",slice_type:th,slice_label:c},{primary:{image_desktop:{dimensions:{width:ti,height:tj},alt:c,copyright:c,url:"https:\u002F\u002Fimages.prismic.io\u002Feataly-us\u002FaNvpZ55xUNkB1R3G_ITA_WebBanner_Updated.jpg?auto=format,compress",id:tk,edit:{x:i,y:i,zoom:e,background:M},preview:{dimensions:{width:fC,height:fD},alt:c,copyright:c,url:"https:\u002F\u002Fimages.prismic.io\u002Feataly-us\u002FaNvpZ55xUNkB1R3G_ITA_WebBanner_Updated.jpg?auto=format,compress&rect=384,0,462,250&w=665&h=360",id:tk,edit:{x:tl,y:i,zoom:e,background:M}}},image_mobile:{preview:{}},image_align:cQ,link:{id:"Y_TVhRIAACkAaghV",type:gR,tags:[],lang:m,slug:"celebrating-italian-excellence-with-the-italian-trade-agency",first_publication_date:"2023-02-21T14:30:32+0000",last_publication_date:"2025-02-04T14:48:13+0000",data:{custom_uid:"italian-trade-agency",first_level:{id:b_,type:b$,tags:[],lang:m,slug:ca,first_publication_date:cb,last_publication_date:cc,data:{custom_uid:cP},link_type:k,key:"9415cdaa-bbc6-4326-94b9-19bd37fdb41e",isBroken:a},second_level:{id:eV,type:cE,tags:[c$],lang:m,slug:eW,first_publication_date:eX,last_publication_date:eY,data:{custom_uid:eZ,first_level:{id:b_,type:b$,tags:[],lang:m,slug:ca,first_publication_date:cb,last_publication_date:cc,link_type:k,key:ml,isBroken:a}},link_type:k,key:"de902347-92d9-429c-b0b8-f310c67d8791",isBroken:a}},link_type:k,key:"01a51027-0bc2-4276-9e85-09016d61082e",isBroken:a},link_track_adform:c,link_track_ga:c,link_target_blank:a,gutter:a},items:[],id:"image_no_ratio$8769a66f-daae-4924-98f2-95327cce3812",slice_type:fE,slice_label:c},{primary:{image_desktop:{dimensions:{width:ti,height:tj},alt:tm,copyright:c,url:"https:\u002F\u002Fimages.prismic.io\u002Feataly-us\u002FaB5wzSdWJ-7kR2pf_MSCEATALY_1230x250DigitalBanner-1-.png?auto=format,compress",id:tn,edit:{x:i,y:i,zoom:e,background:M},preview:{dimensions:{width:fC,height:fD},alt:tm,copyright:c,url:"https:\u002F\u002Fimages.prismic.io\u002Feataly-us\u002FaB5wzSdWJ-7kR2pf_MSCEATALY_1230x250DigitalBanner-1-.png?auto=format,compress&rect=384,0,462,250&w=665&h=360",id:tn,edit:{x:tl,y:i,zoom:e,background:M}}},image_mobile:{preview:{}},image_align:cQ,link:{link_type:E,key:"205e0d71-0b23-4a31-b5ad-08de07e2b45c",url:"https:\u002F\u002Fwww.msccruisesusa.com\u002Fcruise\u002Fships\u002Fmsc-world-america?utm_source=eataly&utm_medium=partnerships_native&utm_campaign=usa-en-all-eataly_homepage_banner&utm_content=_11122024"},link_track_adform:c,link_track_ga:c,link_target_blank:b,gutter:a},items:[],id:"image_no_ratio$cf2299c0-5088-457a-b40d-4bdba8691e19",slice_type:fE,slice_label:c},{primary:{title:[],title_align:C,text:[{type:x,text:"Assortment, availability, pricing, and promotional offers on Eataly.com are exclusively applicable online and may differ from those available in our physical stores.",spans:[]}],text_align:cQ,cta_link:{link_type:D},cta_link_track_adform:c,cta_link_track_ga:c,cta_link_target_blank:a,cta_label:c,cta_look:aQ,cta_align:C,subsection_columns:hl,subsection_line_on_text:a,gutter:a},items:[],id:"text_column$57ce03dd-2feb-420a-be91-e049de0e0222",slice_type:th,slice_label:c},{primary:{internal_anchor_id:c,slice_visibility:b,slice_position:ju,image:{dimensions:{width:jt,height:hj},alt:c,copyright:c,url:"https:\u002F\u002Fimages.prismic.io\u002Feataly-us\u002FaSdgMmGnmrmGqX_j_Website_Banner.gif?auto=format,compress",id:"aSdgMmGnmrmGqX_j",edit:{x:i,y:i,zoom:e,background:M}},image_position:jv,image_align:hk,title:[],title_align:C,title_font_sans:a,title_font_small:a,text:[],text_align:C,cta_link:{link_type:D},cta_link_track_adform:c,cta_link_track_ga:c,cta_link_target_blank:a,cta_label:c,cta_look:aQ,cta_align:C,subsection_columns:hl,subsection_image_size:c,subsection_image_shape:jw,subsection_line_on_text:a,subsection_images_position:jx,gutter:a},items:[{image:{},internal_anchor_id:c,image_position:tg,title:[],title_align:C,title_font_sans:a,title_font_small:a,title_color:c,text:[],text_align:C,cta_link:{link_type:D},cta_link_track_adform:c,cta_link_track_ga:c,cta_link_target_blank:a,cta_label:c,cta_look:aQ,cta_align:C}],id:"content$268112b5-5831-49b9-b0f0-affd60d3dcd1",slice_type:jy,slice_label:c},{primary:{newsletter_title:[{type:H,text:"Eataly Insider Access",spans:[],direction:n}],newsletter_subtitle:[{type:x,text:"Be the first to hear about new products, store happenings, promotions, and more. Plus, create an account to receive 15% off your first purchase and receive a free digital cookbook.",spans:[],direction:n}],gutter:a},items:[{}],id:"newsletter$5eed3150-28eb-4f09-9c8e-d0ed6e2e7b0c",slice_type:"newsletter",slice_label:c}],meta_title:"Eataly: authentic Italian products, restaurants, cooking classes",meta_description:"Stores, restaurants, made-in-Italy products, gift ideas, cooking classes and events. Buy quality Italian products online and have them delivered to your doorstep.",meta_robots:jl}},faqDoc:c,stickyEcommerceStripInCategoryPage:a,announcementDoc:{id:"ZdNa2REAACkAV9rO",uid:c,url:c,type:"announcement_bar",href:"https:\u002F\u002Feataly-us.cdn.prismic.io\u002Fapi\u002Fv2\u002Fdocuments\u002Fsearch?ref=aTMWxxkAAE0ARBm8&integrationFieldsRef=eataly-us%7Ebca77cee-c222-4304-864c-39c4ffa87258&q=%5B%5B%3Ad+%3D+at%28document.id%2C+%22ZdNa2REAACkAV9rO%22%29+%5D%5D",tags:[],first_publication_date:"2024-02-19T13:43:20+0000",last_publication_date:"2025-12-05T07:59:48+0000",slugs:["announcement-bar"],linked_documents:[],lang:m,alternate_languages:[],data:{announcement_bar_visibility:b,background_color:"Pinkish Red",rotation_timer:"4000",announcements:[{announcement_label:[{type:x,text:"20% OFF ALL HOLIDAY BEST SELLERS + PANETTONE & PANDORO WHILE SUPPPLIES LAST",spans:[],direction:n}],announcement_link:{link_type:E,key:"5a04fae0-b835-4cf1-b44a-204ab8c49164",url:mi},announcement_link_track_adform:c,announcement_link_track_ga:c,link_target_blank:a},{announcement_label:[{type:x,text:"Holiday Delivery Reminder: Place ground shipping orders by December 12!",spans:[],direction:n}],announcement_link:{link_type:E,key:"2720e429-8519-4139-81ff-4870e1ca3f8a",url:"https:\u002F\u002Fwww.eataly.com\u002Fus_en\u002Fholiday-shipping-deadlines"},announcement_link_track_adform:c,announcement_link_track_ga:c,link_target_blank:a}]}},cms:{cmsBlocks:c},contacts:{},eataly:{},magazine:{pageSize:bP},menuPages:{menuNews:[],menuMagazine:[]},news:{pageSize:bP,sorting:"desc",newsArticlesResponse:c},pageNotFound:{notFoundContent:c},stores:{}},productDetail:{currentProduct:{},relatedProducts:[],upsellProducts:[],cmsPDPContent:c},reactiveSearch:{reactiveSearchInitData:{},reactiveListData:[],reactiveListFrom:c,itemsCount:c,showNotSalable:c,categoryId:c,eventMode:c,searchMode:c,rawFacets:c,manufacturerFacetUsefulValues:c,shopByCategoryFacetUsefulValues:c,regionFacetUsefulValues:c,anySelectedFilters:a,activeFilters:[],priceRangeMin:i,priceRangeMax:999},search:{category:{}},stores:{currentStore:{code:ii,name:mm,locale:"en-US",country:mm,currencySymbol:"$",unitSystem:"imperial",delivery:{standard:b,today:a,pickup:a},isGeneric:a,CLPrefix:ii,isDefaultStoreViewForCL:b,loyaltyEnabled:a,newsletterEnabled:a},storeConfigs:{data:[{id:e,code:ii,website_id:e,locale:"en_US",base_currency_code:to,default_display_currency_code:to,timezone:"America\u002FNew_York",weight_unit:"lbs",base_url:jB,base_link_url:jB,base_static_url:tp,base_media_url:tq,secure_base_url:jB,secure_base_link_url:jB,secure_base_static_url:tp,secure_base_media_url:tq,extension_attributes:{gift_message_base_price:i,gift_message_price:i,gift_wrapping_base_price:tr,gift_wrapping_price:tr,newsletter_preferences:[{key:"eataly-com",frontend_label:mn,type:ts},{key:"eataly-nyc",frontend_label:"Eataly New York City",type:dM},{key:"eataly-chicago",frontend_label:"Eataly Chicago",type:dM},{key:"eataly-boston",frontend_label:"Eataly Boston",type:dM},{key:"eataly-la",frontend_label:"Eataly L.A",type:dM},{key:"eataly-las-vegas",frontend_label:"Eataly Las Vegas",type:dM},{key:"eataly-dallas",frontend_label:"Eataly Dallas",type:dM},{key:"eataly-silicon-valley",frontend_label:"Eataly Silicon Valley",type:dM},{key:lX,frontend_label:jr,type:ts},{key:"eataly-aventura",frontend_label:rt,type:dM},{key:"eataly-philadelphia",frontend_label:"Eataly Philadelphia",type:dM},{key:"eataly-westpalm",frontend_label:"Eataly West Palm Beach",type:dM}],zendesk_ticket_topic_options:[{label:"Order Status",value:jC,store:[hm]},{label:"Order Issues",value:in0,store:[hm]},{label:"Gifting Service",value:jD,store:[hm]},{label:qE,value:mo,store:[hm]},{label:"General Questions",value:io,store:[hm]},{label:"In-store Assistance",value:jE,store:[ip,iq,fH,fI,ir,is,fJ,it,iu,iv,fK,iw,mp]},{label:"Classes and Event",value:jF,store:[ip,iq,fH,fI,ir,is,fJ,it,iu,iv,fK,iw]},{label:"Dining",value:jG,store:[ip,iq,fH,fI,ir,is,fJ,it,iu,iv,fK,iw]},{label:"General Information",value:jH,store:[ip,iq,fH,fI,ir,is,fJ,it,iu,iv,fK,iw,mp]}],zendesk_ticket_subtopic_options:[{label:"Where is my order",value:"where_is_my_order",topic:[jC]},{label:"Cancel my order",value:"cancel_my_order",topic:[jC]},{label:"Change my shipping address",value:"change_my_shipping_address",topic:[jC]},{label:"Damaged item received",value:"damaged_item_received",topic:[in0]},{label:"Missing items in order",value:"missing_items_in_order",topic:[in0]},{label:"Incorrect product received",value:"incorrect_product_received",topic:[in0]},{label:"Request for replacement or refund",value:"request_for_replacement_or_refund",topic:[in0]},{label:l,value:"gift_boxes",topic:[jD]},{label:"General Corporate Gifting Questions",value:"general_corporate_gifting_questions",topic:[mo]},{label:"Purchase an E-Gift Card",value:"purchase_an_e-gift_card",topic:[jD]},{label:"Issues with E-Gift Card",value:"issues_with_e-gift_card",topic:[jD]},{label:"Bulk Gifting",value:"bulk_gifting",topic:[mo]},{label:"Account or login issues",value:"account_or_login_issues",topic:[io]},{label:"Ingredients or allergen information",value:"ingredients_or_allergen_information",topic:[io]},{label:"Feedback",value:"feedback",topic:[io,jH]},{label:"Other",value:"other",topic:[io]},{label:"Issue with In-Store Purchase",value:"issue_with_in-store_purchase",topic:[jE]},{label:"In-Store Product Availability",value:"in-store_product_availability",topic:[jE]},{label:"In-Store Gift Card",value:"in-store_gift_card",topic:[jE]},{label:"General Inquiry",value:"general_inquiry",topic:[jF,jG]},{label:"Dietary Restrictions or Allergies",value:"dietary_restrictions_or_allergies",topic:[jF]},{label:"Book Private Event",value:"book_private_event",topic:[jF]},{label:"Reservations",value:"reservations",topic:[jG]},{label:"Large Party or Group Booking",value:"large_party_or_group_booking",topic:[jG]},{label:"Store Information",value:"store_information",topic:[jH]},{label:"Job Opportunities",value:"job_opportunities",topic:[jH]}],zendesk_ticket_delivery_shop_options:[{label:mn,value:hm},{label:"New York Flatiron",value:ip},{label:"New York Downtown",value:iq},{label:gS,value:fH},{label:gT,value:fI},{label:gU,value:ir},{label:gV,value:is},{label:gW,value:fJ},{label:gX,value:it},{label:lQ,value:iu},{label:gY,value:iv},{label:jq,value:fK},{label:fG,value:iw},{label:"Eataly Caffe",value:mp}],allowed_countries:mm,cart_free_shipping_visible:L,eataly_product_price_disclaimer:"Prices, terms, and availability may vary online, in stores, and in-app. Items ordered online are not available for pick up at store. Some items may be available from Marketplace Sellers, who set their own prices, and are not eligible for price match.  Some items may be available Online but not in stores and vice versa. Items sold online by Eataly may not be eligible for price match.",minimum_order_active:"0",minimum_order_include_discount:L,minimum_order_include_tax:L,classes_category_parent:"113"}}],expiresOn:1764978112656},selectedStoreOptions:{eatalyDeliveryCoverageVersion:c,pickupInStore:c,storeCode:c,deliveryDestination:c},zipList:[],currentShippingCountryCode:c},support:{faqTree:[],faqSelectedCategoryId:c,faqSelectedSectionId:c,searchInputValue:c,chatStatus:"offline"},thankYouPage:{orderId:c,guestCartId:c,order:c},tracking:{cart:{},catalog:{},checkout:{purchase:{anyGiftItems:a,shippingTier:c,paymentType:c,items:[],creditCardCircuit:c}},legacy:{eatinerari:{}},newsletter:{},prismic:{},wishlist:{}},ui:{zipModalVisible:a,zipBoxFocus:a,accountModalOpened:a,shippingCountryModalVisible:a,welcomeModalVisible:a,lastLogoutByUser:a,registrationToConfirmModalVisible:a,registrationCompletedModalVisible:a,freePromoReadonlyQtyVisible:a,registrationPasswordInfoModalVisible:a,SSRBreakpoint:"desktop",mixedCartWarningModalVisible:a,storeRedirectNotFoundModalVisible:a,storeRedirectNotFoundModalHandler:a,miniCartVisible:a,wholeHeaderHeight:c,headerReduced:a,stickyEcommerceStripHeight:c,htmlScrollLock:a,currentLayout:"DEFAULT",wishlistCrudModalDeleteVisible:a,wishlistCrudModalRenameVisible:a,wishlistCrudModalAddAllVisible:a,wishlistCrudModalCreateVisible:a,pageLoaderPendingCounter:i,catalogDenseGridLayout:b,cityAutocompleteListResult:c,rotatedMobileCardProductId:c,announcementBarSticky:c,upcomingFeaturesModalVisible:a,newsletterModalVisible:b},urlResolver:{isExternalPage:a,externalPageSource:c,urlResolverData:{type:c,id:c,relative_url:c,absolute_url:c,redirectCode:i},alternateUrls:[]},wishlist:{items:[],process:[],currentPage:e,wishlistItemsImages:[],wishlistId:c},route:{name:"index___us_en",path:mq,hash:X,query:{},params:{},fullPath:mq,meta:{},from:{name:c,path:mr,hash:X,query:{},params:{},fullPath:mr,meta:{}}},i18n:{routeParams:{}},auth:{user:c,loggedIn:a,strategy:"magento2"}},serverRendered:b,routePath:mq,config:{site:"us",apiURLBrowser:jI,esURLBrowser:"https:\u002F\u002Fes.eataly.com",adyenEnv:"live",adyenClientKey:"live_4FVX66CIG5DG7DGDAUWTZVM3JU6GYCFF",adyenAuthorizationToken:"ardtwkn8lx794pn7lo3xj9uogdtc6oim",mediaBaseURL:jI,productImagesBaseURL:"https:\u002F\u002Fwww.eataly.com\u002Fmedia\u002Fcatalog\u002Fproduct",searchCategoryId:bm,facebookAppId:2201183813473745,axios:{browserBaseURL:jI},gtm:{id:"GTM-TLKM8RN"},originURL:jI,targetEnv:tt,adFormPm:289686,loyaltyPaymentDisable:b,notAvailablePolicyIds:["8611","8610","8609"],nodeEnv:tt,zendeskChatMonitorDisable:a,oneTrustDataDomainKey:dJ,oneTrustDisable:a,accessiBeEnable:b,loggerEnable:a,shadowMenuCategoryId:f,redirectApi:"https:\u002F\u002Fredirect.eataly.net",upcomingFeaturesPopup:dJ,googleApiKey:"AIzaSyDAPKSi9Ze7OVVUWwpzYs6CVZmFa9_w5gE",googleApiKeyPickupInStoreMap:dJ,googlePlaceBaseUrl:dJ,storePickupEnabled:dJ,instaleapWidgetSrc:dJ,theForkBaseUrl:dJ,_app:{basePath:mr,assetsPath:"\u002F_nuxt\u002F",cdnURL:c}},__i18n:{langs:{us_en:{pageTitles:{cart:ms,checkout:mt,supportHub:tu,supportFaq:"Support F.A.Q.",supportForm:jJ},back:"Back",continue:tv,remove:tw,or:tx,logout:ty,viewAll:"View all",viewLess:tz,days:"days",hours:"hours",minutes:tA,seconds:"seconds",errorPages:{error404:{message:"Oops, page not found.",searchHint:"Find \u003Cb\u003Eproducts\u003C\u002Fb\u003E or other \u003Cb\u003Erelated content\u003C\u002Fb\u003E by using the search bar below:",searchPlaceholder:"Search on the website"},somethingWentWrong:{title:"Oops, something went wrong.",message:"There seems to be an error with the server.\u003Cbr\u003EPlease, reload the page or try later.",missUs:"Miss us already?",followUs:"Follow us on our social media!"}},baseBrandDialog:{defaultActionTitle:jK},mixedCartDialog:{title:"Warning!",confirm:"OK! Got it",message:"It is not possible to buy Holidays gift boxes together with other items in the catalogue. Please proceed with 2 separate orders."},registrationToConfirm:{subscribeTitle:"Thank you for your subscription!",registerTitle:"Thank you for your registration!",noEmailReceived:"Have you received the email yet?",actionTitle:mu},registrationCompleted:{registerTitle:"Registered successfully!",actionTitle:tB,confirmationError:"Error during the email confirmation, please retry",registerMessage:"Registration completed! Youre ready to enjoy your \u003Ca href=\"https:\u002F\u002Fwww.eataly.com\"\u003EEataly.com\u003C\u002Fa\u003E account."},baseAlertDialog:{defaultConfirmActionTitle:ix,defaultCancelActionTitle:tC},baseInputFileUploader:{uploadExtensionsErrorMessage:"You are uploading one or more files with extension not allowed. The extensions allowed are: {ext}",uploadSingleErrorMessage:"Only one file can be uploaded at a time.",uploadMaxSizeErrorMessage:"You are uploading one or more files that exceed the maximum allowed size of {maxSize}"},authentication:{expired:"Your session has expired. Please log in again to access your profile."},menu:{backToMenu:js,backToCategory:"Back to category",goTo:"Go to",bookTableBanner:"BOOK A TABLE\u003Cbr\u003Ein Eataly's Restaurants",shopAll:"Shop all"},consentFlags:{purchaseConsent:"By continuing with the purchase, you declare that you have read and accepted the {conditions} and the {privacy}.",termsConditions:"Terms&nbsp;&amp;&nbsp;Conditions",purchaseConsentError:"You must accept the conditions in order to proceed with the purchase.",privacyConsent:"I have read and accepted the {link}.",privacyPolicy:"Privacy policy",marketingConsent:"Having read and understood the {privacy} and {cookie}, I agree to receive personalized newsletters from Eataly as provided for in point E) of the policy.",cookie:"Cookie policy",supportDisclaimer:"I declare that I have read the {privacy}.",supportDisclaimerError:"If you wish to proceed with your request, you must accept all the required conditions.",purchaseDisclaimer:"By placing this order, I accept the {conditions}, class cancellation and the {privacy}",newsletterDisclaimer:"I have read and accepted the {privacy}",newsletterConsent:"Yes, I would love to receive updates and promotions via newsletter.",andThe:"and the"},footer:{paymentsLabel:"Available payment methods:",customerService:tD,copyright:"Copyright  2015 - {0}  |  Eataly Net USA LLC - All Rights Reserved",checkoutCustomerService:tD},link:{findMore:"Find out more",clickHere:"Click here"},category:{title:"Category Page",subtitle:"({products} products)",filters:{sectionTitle:tE,filterBy:tE,priceComponentTitle:"Choose price range",from:"from",to:"to",activeFilters:"Active filters:",clearAll:"Clear Filters",showResults:"Show Results",childrenCategory:mv,filterTitles:{SPECIAL_PRICE_FILTER:"On sale",PRICE_FILTER:mw,DATE_FILTER:jL,REGION_FILTER:mx,MANUFACTURER_FILTER:"Manufacturer",CATEGORY_FILTER:mv,SHOP_BY_CATEGORY_FILTER:mv,SOLD_OUT_FILTER:"Sold out events"}},showGrid:"Show:",viewLess:tz,viewMore:"View more",shopByCategory:"Shop by category"},searchPage:{title:"Search: ",resultsFor:"Results for",results:"results"},wishlist:{addToWishlist:"Add to wishlist",choose:"Choose a wishlist",createNew:my,manage:"Manage wishlists",lists:mz,new:tF},catalog:{sortBy:"Sort by",sortByMobile:"Sort",sorting:{name:tG,price:mw,position:tH,score:tH,date:jL,descending:"Descending",ascending:"Ascending",descendingPrice:"- From higher",ascendingPrice:"- From lower"},loadPrev:"Load previous products",loadNext:"Load more products",noResultsTitle:"There are no delicacies to taste here yet!",noResultsSubtitle:"Don't panic! Plenty of other items are waiting for you.",noResultsCta:"Check them out",regionPageDescription:"A selection of {categoryValue} from the {filterValue} region. Buy online on Eataly.net and get them delivered at home!",manufacturerPageDescription:"A selection of {categoryValue} from the {filterValue} manufacturer. Buy online on Eataly.net and get them delivered at home!"},page:{notFound:tI},article:{eatalyworld:el,restaurant:mf,store:tJ,publishedOn:"Published on",eventDates:"From {dateStart} to {dateFinish}",last:"Latest articles",when:"When",label:{recipe_free:"Recipe Free",recipe:"Recipe",story:"Story",howto:"How to",producer:mA},lastRecipes:"Last recipes",recipeDetails:{difficulty:"Difficulty",difficulties:{easy:"Easy",medium:"Medium",hard:"Hard"},doses:"Serves",preparation:"Preparation time",cooking:"Cooking time",minutes:tA,people:"1 person | {count} people"},articles:"Articles | Article | Articles",showAll:hn,of:"of"},news:{orderBy:"Order by:",mostRecent:"Most recent",lessRecent:"Less recent"},search:{default:"Search for a Product",defaultSmall:"Search",magazine:"Search on Magazine",productsLabel:"Products \u003Cmark\u003E({productsCount})\u003C\u002Fmark\u003E",showAll:hn,showAllResults:"Show all results",noResults:"We can't seem to find any results for your search, please try searching again"},errors:{required:"The fields marked with * are mandatory",email:"This email address seems to be invalid",minLength:"This is too short",containsUppercase:"Must contain an uppercase character",containsSpecialChar:"Must contain a special character",containsDigit:"Must contain a digit",sameAsPassword:"Passwords must match",accept:"You must accept to proceed",numeric:"This field must be only numeric",alpha:"This field must be only alphanumeric",emailAndPassword:"Invalid email address or password. Please try again.",passwordFormat:"Password must be at least 8 characters long and it must include at least an uppercase, a digit and a special character.",generic:"An error occurred. Please try again later.",requiredFormLegend:"*Mandatory"},tooltipPassword:{title:"Password requirements",text:"Password must be at least \u003Cstrong\u003E8 characters\u003C\u002Fstrong\u003E long and it must include at least an \u003Cstrong\u003Euppercase\u003C\u002Fstrong\u003E, a \u003Cstrong\u003Edigit\u003C\u002Fstrong\u003E and a \u003Cstrong\u003Especial character\u003Cstrong\u003E (i.e. , . - _ + %.)",cta:"Ok, I get it"},login:{title:"Welcome back to Eataly!",subtitle:"Log in to enjoy all the benefits dedicated to you.",username:"Username",email:{label:jM,placeholder:mB},password:{label:tK,placeholder:tL},forgotPassword:tM,notRegisteredYet:"Not registered yet?",signUp:iy,action:mC,successMessage:"Welcome back {0}!",genericErrorMessage:"There was an error while processing your request. Please try again."},socialLogin:{dataConfirmationModal:{title:"Check your data",subtitle:"Before signing up please check if the Facebook data we received are correct",firstNameLabel:jN,lastNameLabel:ho,usernameLabel:fR,firstNamePlaceholder:"Insert your first name",lastNamePlaceholder:"Insert your last name",usernamePlaceholder:"Insert your email",action:iy},facebook:{buttonText:"Log in with Facebook",error:"Something went wrong with Facebook Login, please retry",errorMail:"This email is already associated to another account, please insert a valid one"}},signUp:{title:"Welcome to Eataly!",subtitle:"Sign up to discover all the advantages dedicated to you!",name:tG,surname:"Surname",email:{label:jM,placeholder:mB},password:{label:tK,placeholder:tL},passwordConfirm:tN,accept:"I accept",newsLetterSubscribe:"I want to subscribe to newsletter",action:iy,successMessage:"Registration successful completed!",alreadyRegistered:"Already registered?",login:"Login",confirmEmailMessage:"We have sent a confirmation email to the email address you provided (\u003Cmark\u003E{email}\u003C\u002Fmark\u003E). Follow the instructions to complete the registration."},confirm:{title:"Confirm you account",email:fR,code:mD,action:jK,successMessage:"Account confirmed successfully!"},forgotPassword:{title:tM,subtitle:"Please enter your email address below. If there is an account associated with this email address you will receive an email with a link to reset your password.",email:{label:jM,placeholder:mB},action:"Retrieve",notifyMessage:"Request successfully sent. If this email is associated with an account, you will receive an email with instructions for changing your password.",login:"Back to log in"},resetPassword:{title:"Reset your account's password",email:fR,code:mD,newPassword:tO,passwordConfirm:tN,action:tP,successMessage:tQ},cart:{title:tR,items:mE,item:"item",searchPlaceholder:"Search the cart",totalLabel:tS,action:mt,continueLabel:mu,showReplacementOptions:"Show \u003Cstrong\u003Ereplacement options\u003C\u002Fstrong\u003E",subTotalLabel:"SUBTOTAL",itemReplacementOptions:tT,couponCodeHint:"Do you have a promocode? You can add it at the checkout!",giftHint:"This order contains a \u003Cmark\u003Egift\u003C\u002Fmark\u003E!",freeShippingAchieved:"Congratulations, you have reached \u003Cmark\u003Efree shipping\u003C\u002Fmark\u003E!",freeShippingNotAchieved:"Add \u003Cmark\u003E{0}\u003C\u002Fmark\u003E to get free shipping!",freeShippingProductTypeDisclaimer:"\u003Csup\u003E*\u003C\u002Fsup\u003EEataly EGift cards, classes, events and items shipped by our partners do not apply towards the total value needed to receive free shipping.",cartMinAmountTotalDisclaimer:"Eataly E-gift cards, classes, and events do not apply towards the minimum amount needed to place an order.",total:"Total: {0}",shippingTotal:"Shipping: {0}",add:"Add to cart",add_ShortForm:tU,outOfStock:tV,soldOutEvent:mF,saveAsWishList:"Save as wishlist",removeAll:tW,emptyCart:"No items in the cart",showList:"View your wishlists",lastCart:"Reorder last purchase",quantityCartItemLabel:"quantity",cartErrorModal:{title:"Oops, something has changed!",action:"Ok",newQuantity:"New quantity:",notAvailable:"Product not available",info:"The following products are \u003Cb\u003Eout of stock\u003C\u002Fb\u003E or \u003Cb\u003Enot available\u003C\u002Fb\u003E for the selected quantities. \u003Cbr\u003E\n                   Your cart will be updated based on new availability, and unavailable products will be removed."},addItemErrorGeneric:"Failed to add \"{product}\" product to the cart",addAllItemsSuccessMessage:"All products have been added to the cart",removeAllItemsSuccessMessage:"All products have been removed from the cart",goToCart:"View cart",confirmEmptyDialog:{title:"Delete all the products in the cart?",titleMobile:tW,confirm:"The cart will be emptied \u003Cstrong\u003Epermanently\u003C\u002Fstrong\u003E.\u003Cbr\u003EWould you like to continue?"},availableQtyErrorTooltip:"Sorry, you can select up to \u003Cstrong\u003E{qty} quantities\u003C\u002Fstrong\u003E available for the item",addToCartSuccessMessage:"The item was added to your cart \u003Cstrong\u003Ecorrectly\u003C\u002Fstrong\u003E. The cart subtotal is now \u003Cmark\u003E{totalCart}\u003C\u002Fmark\u003E",removeToCartSuccessMessage:"The item was successfully removed from cart. The cart subtotal is now \u003Cmark\u003E{totalCart}\u003C\u002Fmark\u003E",freePromoReadonlyQtyModalTitle:"Warning",freePromoReadonlyQtyModalMessage:"Sorry, the selected product is part of an \u003Cstrong\u003Epromotion\u003C\u002Fstrong\u003E and it is not possible to change the quantity.",eatalyCardRechargeName:"Recharge \u003Cstrong\u003E{code}\u003C\u002Fstrong\u003E",wishlistNameDialogTitle:"Name your new list",wishlistNameDialogSubtitle:"Choose a title for your new shopping wishlist",wishlistNameDialogActionTitle:"create list",wishlistNameInputLabel:"List title",wishlistNameInputPlaceholder:"Ex. my favorite articles",wishlistNameInputRequiredError:"List title field mandatory",wishlistNameSuccessNotificationActionTitle:"Show",wishlistNameSuccessNotificationText:"List \u003Cstrong\u003Esuccessfully\u003C\u002Fstrong\u003E created",wishlistNameErrorNotificationText:"Something went wrong during save, please try later",taxDisclaimer:"Taxes and shipping costs calculated at checkout"},miniCart:{title:"Your cart ({itemsCount})"},account:{pageTitle:"My Profile",metaTitles:{dashboard:"Personal area",account:tX,wishlists:"Wishlist",orders:tY,addressBook:"Addresses",paymentMethods:mG,shoppingSettings:tZ,newsletterPreferences:mH,notFound:tI,somethingWentWrong:"Something went wrong"},backToPersonalArea:"Back to My Profile",addresses:{defaultAddressesTitle:"Default addresses",defaultAddressShipping:mI,defaultAddressBilling:mJ,changeDefaultShippingTitle:"Change default shipping address",changeDefaultBillingTitle:"Change default billing address",changeDefaultShippingSubtitle:"Select the address to set as your default shipping address.",changeDefaultBillingSubtitle:"Select the address to set as your default billing address.",changeDefaultModalAction:"Confirm selection",savedAddressesTitle:t_,savedAddressesSubtitle:"View and edit the addresses saved in your account.",noDefaultAddressesMessage:"Oops, you have not set \u003Cbr\u003Ea \u003Cb\u003Edefault address\u003C\u002Fb\u003E yet!",newAddressBtnLabel:t$,changeDefaultActionLabel:"Change default address ",tel:"phone",newAddressSuccessMessage:"Address saved correctly",changeDefaultSuccessMessage:"Address changed correctly",editAddressSuccessMessage:"Address edited correctly",deleteAddressSuccessMessage:"Address deleted correctly",genericAddressErrorMessage:"Sorry, something went wrong. Please try again",newAddressModalTitle:"Add address",newAddressModalSubtitle:"Fill in your information.",editAddressModalTitle:"Edit address",editAddressModalSubtitle:"Edit and save your address.",deleteModalTitle:"Delete saved address?",deleteModalTitleMobile:"Delete address?",newAddressButtonLabel:"Save address",editAddressButtonLabel:"Save changes",deleteModalSubTitle:"The address will be \u003Cb\u003Epermanently\u003C\u002Fb\u003E deleted. Would you like to continue?",deleteModalErrorSameAsDefault:"Unable to delete an address set as a default.",showAll:hn},orders:{recentActiveOrders:"Recent in progress orders",recentOrders:"Recent orders",orderHistory:"Order history",noOrders:"There are no orders yet",showAll:hn,status:{closed:ua,complete:ua,canceled:"Canceled",pending:jO,capture_failed:"Payment failed",pending_payment:jO,payment_delayed:"Awaiting payment",payment_review:jO,payment_authorized:fS,undefined:fT,pending_bank_transfer:"Waiting for bank transfer",bank_transfer_received:"Bank transfer received",ready_for_picking:fS,ready_for_shipping:"Ready for shipping",order_export_failed:fS,fraud:fT,picking:fS,partially_collected:fS,ready_to_be_collected:fS,processing:fS,partially_shipped:"Partially shipped",holded:fT,customer_care_review:fT,customercarereview_capturefailed:fT,customer_care_review_taxitem:fT,customercarereview_refund:fT,fully_refunded:"Fully Refunded",partially_refunded:"Partially Refunded",suspect_fraud_adyen:jO},payments:{sectionTitle:"Payments methods",creditCard:{ae:"American Express",mc:"Mastercard",di:"Discover",dn:"Diners",vi:"Visa",ap:"Apple Pay",def:"Credit card"},cashOnDelivery:ub,bankTransfer:"Bank transfer",paypal:"PayPal",customerBalance:mK,eatalyCard:"Eataly EGift Card",unknown:X},recentOrderCard:{orderNumber:uc,orderArticles:mE},tableFields:{orderNumber:uc,orderDate:jL,orderRecipient:"Recipient",orderState:"State",orderTotal:ud},detail:{order:"Order",orderAgain:"Reorder",items:mE,status:T,shipping:"shipping",pickup:"pickup",expressCarrier:"express courier",shippingAddressTitle:"shipping address",pickAddressTitle:"pickup address",billingAddressTitle:"billing address",billingDataTitle:"billing data",orderedItems:"items ordered",cartTotalLabel:ms,totalLabel:"TOTAL",subtotalLabel:mL,downloadDocument:k,track:"Tracking",days:"Days",downloadDocumentError:"Document not available yet",itemList:{item:"Item",sku:mD,price:mw,quantity:"Qty",subTotal:mL},eatalyVendor:"Shipping by {name}",taxAmountTotalLabel:ue,trackingsTitle:"Shipping status details",trackingLink:"Track shipping"},reorderMessages:{success:"All items were added to the cart",partialSuccess:"Some items were added to the cart",successQuoteWasNotEmpty:"All items were added to the existing cart",partialSuccessQuoteWasNotEmpty:"Some items were added to the existing cart",failedDifferentStores:"Cannot reorder, former order was placed on another store, please change store",failed:"Something went wrong, please try later"},backToOrders:"Back to orders",notFound:"The requested order does not exist."},wishlist:{pageTitle:mz,items:"items | item | items",create:my,noWishlistItemsInfo:"Oops, this list is still empty!",continueShopping:mu,noWishlistInfo:"You have not created a wishlist.",messages:{created:"Wishlist created",createdError:"Error during creation, please try later",deleted:"Wishlist deleted",deleteError:"Error during rename, please try later",renamed:"Wishlist renamed",renamedError:"Error during delete, please try later"},menu:{rename:uf,addAll:"Add all to your cart",delete:jP},dialog:{error:{wishlistNameNull:"Title field required",wishlistMaxLength:"The title exceeds the limit of {maxLength} characters"},proceed:"proceed",undo:"undo",title:{delete:"Delete wishlist?",rename:ug,addAll:"Add wishlist to cart",create:my},subTitle:{delete:"The wishlist will be deleted.",rename:"Change the name of the current wishlist.",addAll:"All products in the list will be added to your cart. Do you want to proceed?",create:"Choose a title for the new shopping wishlist"},inputLabel:{delete:X,rename:tF,addAll:X,create:"Wishlist title"},inputPlaceholder:{delete:X,rename:"Ex. My perfect dinner",addAll:X,create:"Ex. My birthday menu"},action:{delete:ix,rename:uf,addAll:ix,create:"Create wishlist"}},addAllToCart:"Add all to cart",backToWishlists:"Back to wishlists",rename:ug,delete:"Delete wishlist",notFound:"The requested wishlist does not exist.",showAll:hn},paymentMethods:{storeCredits:{title:"Available credit",totalCredit:"Total credit",type:"Type",expiry:"Expiry",subtotal:mL,availabilityNote:"Your credit can be used directly at checkout for your next order."},paymentMethodsTitle:"Credit cards and other methods",storedMethodsTitle:"All saved payment methods",noStoredMethods:"You haven't saved any payment method yet",deleteLabel:jP,updatedCardDisclaim:"Please update your card details if you want to continue using it.",updateCta:uh,deleteMethodAlertTitle:"Would you like to remove your payment method?",deleteMethodAlertText:"The payment method will be \u003Cstrong\u003Edefinitely\u003C\u002Fstrong\u003E removed. Would you like to proceed?",cardCheckBalance:{title:"Eataly EGift Cards",form:{label:"Please enter the web code of an Eataly EGift Card to check the available credit (without adding it to the account):",placeholder:ui,button:"Check balance"},response:{text:"The current balance of Eataly EGift Card with code \u003Cmark\u003E{code}\u003C\u002Fmark\u003E is:",reset:"Check the balance of another card"}},eatalyCard:{addCardDialogTitleDesktop:"Add Eataly EGift Card to your account",addCardDialogTitleMobile:"Add \u003Cbr\u003E an Eataly EGift Card",addCardDialogSubtitle:"Enter the \u003Cb\u003Ecode\u003C\u002Fb\u003E of your card to add it, and use it as a payment method.",addCardDialogActionTitle:"Add card",addCardDialogInputLabel:mM,addCardDialogInputPlaceholder:ui,addCardBottomButtonTitle:uj,onAddCardSuccessMessage:"Eataly EGift Card associated with your account",onRemoveCardSuccessMessage:"Eataly EGift Card removed from your account"},showAll:hn},navigation:{dashboard:{label:"Dashboard"},account:{label:tX,subLabel:"Personal info and account"},wishlists:{label:mz,subLabel:"My favourite products"},shoppingSettings:{label:tZ,subLabel:tT},orders:{label:tY,subLabel:"Current orders and order history"},addressBook:{label:"Address book",subLabel:t_},paymentMethods:{label:mG,subLabel:"Payments settings"},logout:ty,goToDashboard:"Go to dashboard ",newsletterPreferences:{label:mH,subLabel:"Newsletter preferences"}},dashboardPanels:{personalData:"My Account",wishlists:"My Wishlists",orders:"My Orders",addresses:"My Default Addresses",paymentMethod:"My Default Payment Methods",actions:{edit:jQ,delete:jP,showSection:"Show section"}},newsletterPreferences:{pageTitle:mH,pageSubTitle:"Sign up for our newsletters and be the first to learn about the latest news and promotions!",storeListTitle:"Get updates about our stores, classes, events and much more:",eatalyNewsCheckbox:"\u003Cstrong\u003EEataly.com\u003C\u002Fstrong\u003E: Special offers, new products, and creative gifts",formZipCode:"Zip Code",formSubmit:uk,optionsRequiredField:"Please select one of the options",validZipCode:"This is not a valid zipcode",requiredZipCode:"Zipcode is required",subscriptionSuccessMessage:"You have successfully subscribed to our newsletter",preferencesUpdateSuccessMessage:"You have successfully updated your preferences",unsubscriptionLink:"Unsubscribe from newsletter",unsubscriptionTitle:"Newsletter unsubscription",unsubscriptionModalMessage:"By confirming your unsubscription you will no longer receive any updates on Eataly's news, offers and evends. Do you want to proceed?",unsubscriptionSuccessMessage:"You have successfully unsubscribed from our newsletter"}},checkout:{headerTitle:mt,shippingStep:"Shipping or picking method",deliveryOptions:"Delivery options",addressStep:"Shipping and billing addresses",addressStepOnlyBilling:mJ,paymentsStep:mG,summaryStep:"Order summary",action:"Send order",successMessage:"Order placed!",completeStepButtonAccordion:ix,completeStepButtonSummaryBanner:ix,completeStepError:"Oops, an error occurred while proceeding. We have updated your cart info. Please try again.",editStep:jQ,cartEmptyWarning:"Unable to proceed with checkout, the cart is empty",showCartModal:{title:tR,totalLabel:tS},countdownExpiredModal:{title:"Time's up!",text:"Checkout has been inactive for too long. To continue shopping, return to cart or refresh the page.",gotoCart:"Back to cart"},countdownLabel:"Remaining time:",orderAsBox:{asGuest:"You are placing this order as \u003Cbr\u003E \u003Cstrong\u003Enot logged user\u003C\u002Fstrong\u003E \u003Cbr\u003E \u003Cmark\u003E{email}\u003C\u002Fmark\u003E",asLogged:"You are placing this order as \u003Cbr\u003E \u003Cmark\u003E{email}\u003C\u002Fmark\u003E"},shipping:{stepTitlePickupAndDelivery:"Delivery or picking method",stepTitleOnlyPickup:mN,stepTitleOnlyDelivery:mO,availableMethodsTitleZip:"The following delivery methods are available for the selected \u003Cstrong\u003EZIP code\u003C\u002Fstrong\u003E (\u003Cmark\u003E{0}\u003C\u002Fmark\u003E):",availableMethodsTitleStore:"The following delivery methods are available for the selected \u003Cstrong\u003Estore\u003C\u002Fstrong\u003E (\u003Cmark\u003E{0}\u003C\u002Fmark\u003E):",methodSelectorLabels:{PICKUP_IN_STORE:"Pickup in \u003Cstrong\u003Estore\u003C\u002Fstrong\u003E",STANDARD_HOME_DELIVERY:"\u003Cstrong\u003EStandard\u003C\u002Fstrong\u003E delivery",FAST_HOME_DELIVERY:"\u003Cstrong\u003EScheduled\u003C\u002Fstrong\u003E delivery"},pickUpInStore:{programShipping:"Schedule shipping:",startFrom:"Start from:",infoLabel1:"You can pick up your shopping from:",infoLabel2:"Remember to bring with you \u003Cb\u003Eyour order confirmation email\u003C\u002Fb\u003E with the \u003Cb\u003Eorder number\u003C\u002Fb\u003E.",visualRecapComplete:"You can pick up your order {date} from {from} to {to}."},standardHomeDelivery:{standardDelivery:mP,appointmentDelivery:ul,floorDelivery:um},fastHomeDelivery:{baseAmountTitle:"Base shipping amount:",ratesDisclaimer:"Additional delivery charges may vary based on the selected date and time.",selectDate:"Select the delivery \u003Cstrong\u003Edate\u003C\u002Fstrong\u003E:",selectTime:"Select the delivery \u003Cstrong\u003Etime\u003C\u002Fstrong\u003E:",timeFrom:"From:",timeTo:"To:",totalAmountTitle:"Total shipping amount",deliverySlotExpired:"The selected delivery time slot is no longer available. Please select a new time slot among those available."},recapLabels:{PICKUP_IN_STORE:"Pickup in store, {date}, from {fromTime}",STANDARD_HOME_DELIVERY:"Standard delivery, {0} working days",FAST_HOME_DELIVERY:"Scheduled delivery, {date}, {fromTime}-{toTime}",dateFormat:"dddd MMMM Do YYYY"},recapBaseLabels:{PICKUP_IN_STORE:mN,FAST_HOME_DELIVERY:un},stepTitle:"Shipping Methods",differentDeliveriesWaring:"\u003Cstrong\u003EAttention\u003C\u002Fstrong\u003E: you will receive different deliveries for your order",policiesDisclaimer:"Specific shipping policies apply to products shipped b",shippedBy:"Items shipped directly by",mainVendorRecap:"Shipping by Eataly",dropShipVendorRecap:"Shipping by {vendor}",multipleShippingsRecap:"Multiple shipments",costs:"Shipping costs",choice:"Choose one of the following shipping methods",policies:"Specific shipping policies apply to products shipped by our partners. See our shipping policies",shippingMethodsDeliveryDays:{UPS_GROUND:uo,UPS_GROUND_FREE:uo,UPS_2ND_DAY_AIR:X,UPS_NEXT_DAY_AIR:X},freeDeliveryLabel:"Free delivery!",freeDeliveryNotice:"The value of your order gives you \u003Cstrong\u003Efree ground shipping\u003C\u002Fstrong\u003E!"},summary:{buyNow:"Buy now",conditionsDisclaim1:"By continuing with the purchase, you declare that you have read and accepted the",purchaseCondition:"Purchase Conditions",conditionsDisclaim2:"and that you have read the",privacyCondition:rR,cartLabel:ms,viewCart:"View",totalLabel:ud,shoppingLabel:"Shopping",customerBalance:mK,loyaltyCredit:up,shipping:"Shipping",creditAndGiftCards:"Credits and E-Gift Cards",discounts:"Discounts",giftWrapping:uq,shippingMethodLabels:{PICKUP_IN_STORE:mN,STANDARD_HOME_DELIVERY:mP,FAST_HOME_DELIVERY:un,appointment_delivery:ul,floor_delivery:um,cashOnDeliveryFee:ub,eatalyVendor:"Shipping by {magentoLabel}"},giftWrappingLabels:{giftWrapping:ur,giftItems:"Gift items",giftMessage:us},eatalyCardLabel:"Eataly EGift Card {0}",discountsGenericLabel:"Coupon code or others discounts",tax:ue},couponCode:{titleMobile:"Promo code",titleDesktop:"Do you have a \u003Cmark\u003Epromo code\u003C\u002Fmark\u003E?",placeholder:"I.e. EATALY4397545",cta:{apply:"Apply",remove:tw},error:{notValid:"The promo code is not valid.",required:"Field is required"}},creditsTitle:"Your credits",creditsDescription:"Use your available credits for this purchase.",customerBalanceLabel:mK,customerBalanceLabelHtml:"\u003Cstrong\u003EOnline\u003C\u002Fstrong\u003E credit",balance:"Balance",totalBalance:"Total balance",loyaltyCreditLabel:up,loyaltyCreditLabelHtml:"\u003Cstrong\u003EEataly Club\u003C\u002Fstrong\u003E vouchers",loyaltyCartRedeemableAmount:"Available amount for the current order",loyaltyCartRedeemableAmount_ShortForm:"Available amount",creditsCoverTotal:"The selected payment methods are sufficient to proceed to the \u003Cb\u003Epayment\u003C\u002Fb\u003E.",creditsCoverTotalRest:"You will have \u003Cb\u003E {0} \u003C\u002Fb\u003E left for future purchases.",customerBalanceRest:"\u003Cstrong\u003E{0}\u003C\u002Fstrong\u003E of \u003Cstrong\u003Eonline\u003C\u002Fstrong\u003E credit left for future purchases.",loyaltyCreditRest:"\u003Cstrong\u003E{0}\u003C\u002Fstrong\u003E of \u003Cstrong\u003EEataly Club\u003C\u002Fstrong\u003E vouchers left for future purchases.",loyaltyTooltipContent:"Your \u003Cstrong\u003EEataly Club\u003C\u002Fstrong\u003E balance is \u003Cmark\u003E{totalAmount}\u003Cmark\u003E. You can use \u003Cmark\u003E{cartAmount}\u003C\u002Fmark\u003E of vouchers for this order.",addressForm:{shippingFormTitle:mI,billingFormTitle:mJ,billingDataFormTitle:"Billing",newAddress:t$,name:jN,lastname:ho,street:"Street address",streetOptional:"Street address 2",country:mQ,city:iz,onlyCity:mR,onlyPostcode:iz,email:fR,phone:ut,sameAsShipping:"Use this address also for billing",wantBilling:"I want to receive an invoice",vat:"VAT",businessName:"Business name",pec:"PEC",recipientCode:"Recipient code",requiredFieldsHint:"* Required fields",selectCountryPlaceholder:"Select a country",countryNotFound:"No country found",selectACity:"Select a city",requiredField:"field is required",validPhone:"Invalid phone number ",validMail:mS,validStreet:"max 35 characters",maxLength50:"max 50 characters",maxLength10:"max 10 characters",maxLength7:"max 7 characters",maxLength:"max {maxLength} characters",region:"State \u002F province",selectRegionPlaceholder:"Select a state \u002F province",regionNotFound:"No state \u002F province found",addressFormSubtitle:"Your addresses",addressFormText:"Select your address or enter a new one.",capNotFound:"Invalid ZIP code",googleAutocompleteInput:{label:"Search for your address or enter it manually in the fields",placeholder:"Es: Fifth Avenue 1"},errors:{street:"Invalid shipping address",region:"Invalid State \u002F province",city:"Invalid ZIP code or City",streetValidator:"Max 35 characters. Cannot ship to a PO Box.",streetOptionalValidator:"Max 15 characters. Cannot ship to a PO Box.",poBoxAlert:"Invalid address. \u003Cbr\u003E Cannot ship to a PO Box."}},eatalyCards:{title:"Your Eataly EGift Cards",description:"Use your Eataly EGift Cards for this purchase.",addCard:uj,insertCode:"Enter the webcode printed on the back of your card:",invalidCode:"The webcode entered is invalid.",invalidCodeLength:"The webcode must be {0} characters long.",invalidCodeMinLength:"The web code must have a minimum length of {0} characters.",invalidCodeMaxLength:"The web code must have a maximum length of {0} characters.",invalidCodeFormat:"The webcode must contain only letters and numbers.",saveAndApply:"Save and apply"},paymentMethods:{paymentMethodsTitle:"Credit cards and other payment methods",paymentMethodsDescription:"Choose a payment method to proceed with your order.",newPaymentMethodsTitle:"New payment methods",newPaymentMethodsDescription:"Choose your favorite payment method.",storedPaymentMethods:{title:"Stored payment methods",description:"Choose a payment method from those saved in your account.",expiry:uu},creditCard:{holderName:"First name and last name",cardNumber:"Credit card number",expiryDate:"Expiry date XX\u002FYY",cvv:"CVV",saveToProfile:"Save your card for future orders **",mandatoryFields:"* Mandatory fields",privacyDisclaimer:"** Your credit card data will be saved on a server protected by the bank, whose security is guaranteed by the SSL protocol. This site will not store your payment information in any way.",addCta:tU,labelSelectedExpiry:uu,errors:{required:mT,invalidName:"Invalid first name and last name",invalidDate:"Invalid card expiration date"}},paypal:{saveToProfile:"Save your account for future purchases **",privacyDisclaimer:"** Your account data will be saved on a server protected by the bank, whose security is guaranteed by the SSL protocol. This site will not store your payment information in any way."},bankTransfer:{completePurchaseMsg:"Please confirm your order by making the transfer within 3 days.",bankTransferData:"Data for the transfer: \u003Cbr\u003E\n                    Beneficiary: EATALY S.P.A.\u003Cbr\u003E\n                    IBAN: IT68V0306922504100000064120 \u003Cbr\u003E\n                    BIC \u002F SWIFT: BCITITMM \u003Cbr\u003E\n                    Bank: INTESA SAN PAOLO - ALBA",causalInfoMsg:"The reason to be reported in the bank transfer must indicate the date and order number, present in the subject of the confirmation email"},cashOnDelivery:{paymentInfo:"Pay for your order on delivery.",feeInfoMsg:"A supplement of {0} is required for this type of payment."},eatalyCardPaymentRestrictions:"Please note: You cannot purchase Eataly EGift Cards using store credit, or other Eataly Gift cards as a payment method. Please select one of the options below."},payments:{errors:{generic:"Something went wrong with the payment, please try again",paymentProcedure:"Cannot complete payment procedure",threeDS1:"Cannot proceed with processing 3D Secure 1",threeDS2:"Cannot proceed with processing 3D Secure 2",order:"An error occurred while placing the order"}},giftOptions:{giftOptionsTitle:uq,giftOptionsSubTitle:"Select which products you would like to send as a gift.",types:{eatinerario:"eatinerario",event:"class"},grocery:{title:"Send the items in your shopping cart as a gift!",description:"You can add gift wrapping and\u002For a personalized message.",modalPreview:{messagePreviewTitle:us,wrappingPreviewTitle:ur},disabledGiftItems:{message:"\u003Cstrong\u003EAttention\u003C\u002Fstrong\u003E: Gift options apply exclusively to products shipped directly from Eataly. In your cart, there are third-party products that will be shipped separately, and will not include gift wrapping or messages.",link:"View third-party products ",modalTitle:"Gift option exclusions",modalSubTitle:"Gift options wont be available for the following products that will be shipped separately."}},forms:{giftMessageLabel:"Add a gift message ({0})",giftMessageOnlyLabel:"Your personalized gift message({0})",giftWrappingLabel:"Add gift wrapping ({0})",giftWrappingOnlyLabel:"The gift wrapping ({0})",freeOption:uv,showWrappingLabel:"Show gift wrapping",senderInputLabel:"Sender name (26 characters max)",senderInputPlaceholder:"Name of the sender",recipientInputLabel:"Recipient name (26 characters max)",recipientInputPlaceholder:uw,recipientEmailInputLabel:"Recipient email address",recipientEmailInputPlaceholder:"Email address of the recipient",messageInputLabel:"Message (350 characters max)",messageInputPlaceholder:ux,recipientEventFirstnameInputLabel:"Name ({maxlength} characters max)",recipientEventFirstnameInputPlaceholder:uw,recipientEventLastnameInputLabel:"Last name ({maxlength} characters max)",recipientEventLastnameInputPlaceholder:"Last name of the recipient",recipientEventPhoneInputLabel:"Mobile number",recipientEventPhoneInputPlaceholder:"Recipient mobile number",messageEventInputLabel:"Message ({maxlength} characters max)",previewGiftMessageButtonTitle:"Show gift card",errorMessages:{requiredField:mT,invalidEmail:"Invalid email address",selectOneOption:"Please select at least one of the two available options",maxLength:uy,invalidPhone:mU,fillAllFields:"Please fill in all required fields"}},recap:{shopping:"grocery shopping",event:"{count} Class | {count} Classes",eatinerario:"{count} Eatinerario | {count} Eatinerario",eatalyCard:"{count} Eataly EGift Card",prefix:"Options selected for",noGiftSelected:"This order doesn't contain gifts"}},address:{addressValidation:{error:"Oops, something went wrong!",addressSuggestion:"We have updated the shipping address you provided to make the delivery process smoother."}},eatalyCardPaymentRestrictions:"In case of prepaid card purchase, it is not possible to use Eataly EGift Card, online credit as payment methods."},checkoutSplashPage:{loginBox:{title:mC,subtitle:"If youre already registered on \u003Cstrong\u003EEataly.com\u003C\u002Fstrong\u003E, log in to access your saved \u003Cstrong\u003Eaddresses\u003C\u002Fstrong\u003E and \u003Cstrong\u003Epayment methods\u003C\u002Fstrong\u003E."},registrationBox:{title:iy,subtitle:"Create an account to save your \u003Cstrong\u003Eaddresses\u003C\u002Fstrong\u003E and \u003Cstrong\u003Epayment methods\u003C\u002Fstrong\u003E, and have easy access to your \u003Cstrong\u003Eorder status\u003C\u002Fstrong\u003E and \u003Cstrong\u003Ehistory\u003C\u002Fstrong\u003E."},proceedAsGuestBox:{title:"Guest Checkout",subtitle:"Please provide an email to send your receipt.",action:tv,inputLabel:jM,inputPlaceholder:"youremail@eataly.com",inputErrorIfEmpty:"This is a required field",inputErrorInvalidMail:"This email is not valid"},registrationSuccess:{title:"Registration confirmed!",notificationDescription:"Registration confirmed. Log in to complete your order.",subtitle:"Thanks for signing up. You have been automatically signed in to your account. Youre ready to enjoy access to your \u003Cstrong\u003EEataly.com\u003C\u002Fstrong\u003E account."},mergeCartSuccessMessage:"All items in your former cart were merged into your latest cart. Please check the cart before moving to checkout.",dividerLabel:tx,registrationFailMessage:"Attention: an account is already associated with this email. Please Log in or,",registrationErrorActionLabel:"Reset your password"},order:{thankyou:"Thank you!",number:"Your order number is: #{0}",invalidTrackingToken:"The token to track this order is no longer valid"},shippingAddress:{title:"Shipping information",name:uz,surname:ho,email:fR,telephone:uA,street:uB,country:mQ,region:mx,city:mR,postcode:iz,save:uC,action:"Confirm shipping"},shippingMethod:{cost:"Cost: {0}",free:uv},billingAddress:{title:"Billing information",name:uz,surname:ho,email:fR,telephone:uA,street:uB,country:mQ,region:mx,city:mR,postcode:iz,save:uC,action:jK},insertCap:{title:"How would you like to get your shopping?",selectCapOrStore:"Select Address or store",selectCap:"Select Address",homeDelivery:"\u003Cstrong\u003EHome\u003C\u002Fstrong\u003E delivery",storePickup:"\u003Cstrong\u003EStore\u003C\u002Fstrong\u003E pick up",zipDisclaim:"Insert your \u003Cstrong\u003EADDRESS complete with ZIP Code and postal code\u003C\u002Fstrong\u003E to display \u003Cstrong\u003Eprices\u003C\u002Fstrong\u003E and to discover available shipping methods in your \u003Cstrong\u003Earea\u003C\u002Fstrong\u003E!",zipAddressSelection:"Select an address from the list",capOrCity:uD,zipInformativeToggle:"Why ZIP code is so relevant?",zipInformativeMessage:"To guarantee the freshness of the products at a competitive price, Eataly offers a different catalog depending on the delivery area.",verify:"Verify",insert:"Insert",select:"Select",pickupMessage:"Select \u003Cstrong\u003Estore\u003C\u002Fstrong\u003E where you would like to pick up your shopping to check catalog:",chosenPickupDisclaim:"You have chosen to \u003Cstrong\u003Epickup in store\u003C\u002Fstrong\u003E at",startShopping:tB,missingStreetNumberButtonTitle:"Ok, ho capito",insertZip:"Insert address",zip:iz,update:uh,capOrCityPlaceholder:uD,errorMsg:"Insert a valid address.",addressNotValid:"Invalid address.",yourCap:"Your ADDRESS",isCoveredByToday:"is covered by \u003Cstrong\u003Escheduled delivery\u003C\u002Fstrong\u003E. You will be able to proceed in any moment also with \u003Cstrong\u003Estore pickup\u003C\u002Fstrong\u003E",isCoveredByTodayOnly:"is covered by \u003Cstrong\u003Escheduled delivery\u003C\u002Fstrong\u003E.",isCoveredByStandard:"is covered by \u003Cstrong\u003Estandard delivery\u003C\u002Fstrong\u003E. To view the complete catalog, you can proceed to \u003Cstrong\u003Estore pickup\u003C\u002Fstrong\u003E in Milan, Rome and Turin.",isCoveredByStandardOnly:"is covered by \u003Cstrong\u003Estandard delivery\u003C\u002Fstrong\u003E.",streetNumberError:"Street number not entered or does not exist",zipCodeError:"Error retrieving zip code",instaleapPolygonIntegrityRedirectMsg:"Sorry, but you are no longer in a covered area, we are redirecting you to the right store.",instaleapStreetNumberMissingMsg:"Attenzione, non hai inserito un numero civico, verifica che sia corretto prima di proseguire"},storeRedirectModal:{productNotFound:"Sorry: this product is not available for the delivery or pickup area you requested. If you still want to proceed, we can offer you other products in the catalog for that area.",categoryNotFound:"Sorry: this category is not available for the delivery or pickup area you requested. If you still want to proceed, we can offer you other products in the catalog for that area.",title:"Notice",redirectConfirm:"Go on",redirectCancel:tC},paypal:{checkout:"Pay with PayPal"},shippingMethods:{title:mO,fast:"scheduled",fastDelivery:"scheduled delivery",standard:sX,standardDelivery:"standard delivery",store:"pickup\u003Cbr\u003Ein store",pickupInStore:"pickup in store",days:"{0} days",workingDays:"{0} working days",notAvailable:"Not\u003Cbr\u003Eavailable"},shippingMethodsModal:{title:mO,contents:{fast:{title:"Scheduled Delivery",text:"The Scheduled delivery service is now available in {locations} ({action}).\n                    At checkout you can choose the day and the time slot.",action:"Insert your ADDRESS code to verify",locations:"Milan, Rome and Turin"},standard:{title:mP,text:"The order is entrusted to the courier within \u003Cstrong\u003E5 working days\u003C\u002Fstrong\u003E from the order date. The courier will deliver between \u003Cstrong\u003E 24 and 72 hours\u003C\u002Fstrong\u003E, depending on the destination."},store:{title:"Pick up in store",text:"Pickup in store is available in \u003Cstrong\u003E Milan, Rome and Turin \u003C\u002Fstrong\u003E.\n                To collect your shopping, go to the Information Point of the store in the time slot you selected during the purchase.\n                Just present the \u003Cstrong\u003E order number \u003C\u002Fstrong\u003E present in the order confirmation together with an \u003Cstrong\u003E identification document \u003C\u002Fstrong\u003E of the person making the withdrawal."}},modifyZipOrShop:"Do you want to change zip code or pickup store?"},productDetail:{showMore:"Show more",showLess:"Show less",giveAwayClass:"Would you like to give away this class?",giveAwayExperience:"Would you like to give away this experience?",giftOptionText:"Discover all gift options at checkout!",moreInfo:uE,available:"Available Online",outOfStock:tV,soldOutEvent:mF,expiredEvent:"Not available",labelTitle:uF,event:"Class",specialistAdviceTitle:"Specialist advice",customerServiceDisclaim:"For more information on product labels\n            please contact our Customer Service.",simpleTabLabels:{DESCRIPTION:mV,MANUFACTURER:mA,NUTRITIONAL_VALUES:uF,DETAILS:"Details",ADDITIONAL_INFO:"Additional Info",BUNDLE_ITEMS:"This Bundle Includes"},eatalyeventsTabLabels:{DESCRIPTION:mV,EVENT_LOCATION:uG,EVENT_TEACHER:"Teacher",EVENT_MENU:"Menu"},detailTabLabels:{sku:"Sku",manufacturer:mA,manufacturerCountry:"Made in",region:"Region name",netWeight:"Weight",minimumNetWeight:"Guaranteed minimum weight",capacityLt:"Capacity",$pricePerUnit:"Price per unit",preservation:"Preservation",alcoholVolume:"Alcohol Volume",$physicalQuantity:"Net weight",$quantityInUnits:"Quantity",author:"author",format:"format",publisher:"publisher",region_name:"region name",caviarType:"type ",caviarOrigin:uH,roast:"roast",flavor:o_,beansOrigin:"beans origin",beans:"beans",cutType:"cut type",ageing:"ageing",milkType:uI,directions:i$,cookingTime:"cooking time",oliveType:"olive type",color:pi,dimensions:pg,material:ph,watt:"watt",bladeDiameter:"blade diameter",cord:"cord",cuttingCapacity:"cutting capacity",meatType:uI,meatOrigin:uH,pieces:"pieces",season:"season",$giftCollection:"collection | collections"},months:"Month | Months",people:"0 People | 1 person | {0} people",encounters:"Encounter | Encounters",from:mW,lasts:"Lasts",phoneLabel:uJ,portion:"No portion | \u003Cstrong\u003EPortion recommended for\u003C\u002Fstrong\u003E: {portion} person | \u003Cstrong\u003EPortion recommended for\u003C\u002Fstrong\u003E: {portion} people",shippingNoticeBox:{title:"Shipping notice",subtitle:"Ships separately:"},pricePurchasedOnline:"Price when purchased online",pricePurchasedOnlineModalTitle:"Pricing information"},product:{eventLabel:{eatinerari_kitchen:{title:iA,subtitle:"Complete kitchen lesson"},eatinerari_tasting:{title:iA,subtitle:"Tasting lesson"},eatinerari_experience:{title:iA,subtitle:"Eataliana experience"},eatinerari_art_tasting:{title:iA,subtitle:"Tasting art"},eatinerari_lesson:{title:iA,subtitle:"One kitchen lesson"},english_class:{title:"Event in English"},slow_food:{title:"Event Slow Food"},selling_fast:{title:"Selling Fast"},few_remaining:{title:"Few Remaining"},best_seller:{title:"Best Seller"},back_in_stock:{title:"Back in Stock"},online_exclusive:{title:"Online Exclusive"}},promoLabel:"Offer",newLabel:"New",freeLabel:"FREE",eatinerarioValidityFull:"Valid {months} months | Valido {months} month | Valido {months} months",eatinerarioValidity:"{months} months | {months} month | {months} months",eventMeetingsAction:"Show details",eventMeetings:"1 meeting | {meetings} meetings",eventDateFrom:"from ",shipsSeparatelyLabel:"Ships\u003Cbr\u003ESeparately",itemType:{giftcard:"Prepaid card",event:im,eatinerario:"Eatinerario",dropShipVendor:"Shipped by {vendor}"}},productsCarousel:{relatedProducts:"Related products",mayAlsoLove:"You may also love",fromTheSameStore:"Other classes from the same store",giftInspiration:"Gift inspiration",viewAllRelated:"View complete selection"},myAccount:{editLabel:"Edit ",backLabel:" Back",closeLabel:"Close",personalData:{title:"Personal data",name:jN,lastname:ho,emailAddress:"email address",phoneNumber:ut,delete:jP,confirm:jK,save:uk,requiredField:mX,validPhone:mU,alphaField:"This field can't contain numbers or special characters",validMail:mS},accountManagement:{title:"Account management",changePassword:tP,currentPassword:"Current password",newPassword:tO,passwordConfirm:"Confirm new password",passwordReqTitle:"New password must include:",passwordReqList:["at least \u003Cmark\u003E8 characters\u003C\u002Fmark\u003E","at least \u003Cmark\u003E1 uppercase\u003C\u002Fmark\u003E","at least \u003Cmark\u003E1 digit\u003C\u002Fmark\u003E","at least \u003Cmark\u003E1 special character\u003C\u002Fmark\u003E (! . - _ + )"],successMessage:"Password updated successfully",newsletterTitle:"Consents and preferences",newsletterReminder:"Access the My Eataly portal to manage your consents and communication preferences.\u003Cbr\u003EOn the dedicated portal you can also choose the topics you are interested in and the reference shop",goToPortalButton:"Login to the portal",createAccountMessage:"Still need to register?",createAccountLink:"Create an account",loyaltyCardTitle:"Eataly Club Karte",loyaltyCardCode:"Card number",loyaltyCardConnect:"Link the card",loyaltyCardUpdate:"Modify the card",loyaltyCardRemove:"Remove card",loyaltyCardEdit:jQ,loyaltyInfoTitle:"Learn about Eataly&nbsp;Club and the My Eataly&nbsp;portal",loyaltyInfoDiscount:"\u003Cmark\u003EReceive exclusive discounts every day\u003C\u002Fmark\u003E on many unique products and experiences.",loyaltyInfoVouchers:"\u003Cmark\u003EYou can win hundreds of vouchers\u003C\u002Fmark\u003E up to 1,000.",loyaltyInfoPortal:"\u003Cmark\u003EAccess the My Eataly portal\u003C\u002Fmark\u003E to discover all the advantages.",loyaltyInfoDisclaimer:"On the My Eataly portal you find your points balance, manage communication preferences and more.",noSubscriptionsButton:"Subscribe",loyaltyCardMessageNoCard:"Are you already a member of our loyalty programme Eataly Club? Connect it to your account."},accountPrivacy:{title:"Consent to personalized marketing",savePreferences:"Save preferences",iAgree:"I agree",iDisagree:"I disagree",successMessage:"Preferences updated successfully",errorMessage:"There was an error while updating preferences"}},route:{home:"Home",stores:bG,stores_alternative:bG,eataly:el,news:lZ,support:"Help Center","support/form":jJ,"support/faq":uK,classes_and_events:im},thankYouPage:{orderSuccessMsg:"Order n. {orderId} completed successfully!",orderSuccessInfo:"Thank you for your purchase. You will receive a confirmation order \u003Cstrong\u003Eemail\u003C\u002Fstrong\u003E with all the \u003Cstrong\u003Edetails\u003C\u002Fstrong\u003E about your order.",virtualOrderSuccessInfo:"Thank you for your purchase. You will receive a confirmation order \u003Cstrong\u003Eemail\u003C\u002Fstrong\u003E,\u003Cbr\u003Eand a summary \u003Cstrong\u003Eemail\u003C\u002Fstrong\u003E with all of the \u003C\u002Fstrong\u003Edetails\u003C\u002Fstrong\u003E related to your virtual order.",progressBarDeliverySteps:["Your order is confirmed","We carefully pack the products you love","We give your order to our shipping partner","You receive a tracking link via email","BUON APPETITO!"],progressBarPickupSteps:["Confirm order","Order preparation","Order ready for pickup","Email sent with pickup details","Order picked up"],from:mW,standardShippingLabel:"Standard \u003Cbr\u003E delivery",standardShippingMsg:"within 5 working days",todayShippingLabel:"Scheduled \u003Cbr\u003E delivery",storePickupLabel:"Store \u003Cbr\u003E pickup",addressTitle:mI,pickupTitle:"Pickup store",contactsTitle:"Contact details",phoneLabel:uJ,helpTitle:"Need help?",helpMessage:"If you need {assistance} with your order, see the {faq}.",assistance:"assistance",faq:"FAQ",customerService:"Customer Service",eatalyVino:{title:"Vino is meant to be shared!",description:"From crisp white wines to chill-able reds and stunning Spumante, discover the best Italian wines.",linkTitle:"Discover now",linkDescription:"eatalyvino.com"},instaleapRedirectModal:{title:"Attention!",confirm:"Got it",message:"Today delivery service is now available again, you will be redirected to the correct store."}},shippingCountries:{at:"Austria",be:"Belgium",hr:"Croatia",dk:"Denmark",ee:"Estonia",fi:"Finland",fr:"France",de:"Germany",gr:"Greece",ie:"Ireland",it:V,lv:"Latvia",lt:"Lithuania",lu:"Luxembourg",mo:"Monaco",nl:"Netherlands",pl:"Poland",pt:"Portugal",gb:"United Kingdom",cz:"Czech Republic",ro:"Romania",sm:"San Marino",sk:"Slovakia",si:"Slovenia",es:"Spain",us:"United States",se:"Sweden",hu:"Hungary",va:"Vatican City"},shippingCountry:{title:"Which country do you want to ship to?",hint:"You are shipping to {currentShippingCountry}.",hint2:"Do you want to ship to another country?",buttonLabel:"Go to website",edit:jQ},languages:{it:"Italian",en:"English",fr:"French",de:"German"},welcomeModal:{title:"Eataly online \u003Cbr class=\"wraps-on-mobile\"\u003Echanges its skin!",content:"We have worked hard to offer you an even better \u003Cstrong\u003Egood\u003C\u002Fstrong\u003E experience. The result? A website with a new graphic design, but with the usual quality.\u003Cbr\u003E\u003Cbr\u003EYou will be able to buy high-quality products, wines, pasta, condiments, products on offer, and the food you love most. All \u003Cstrong\u003Ein one place\u003C\u002Fstrong\u003E, all in this website.",preButton:"Are you curious?",buttonLabel:"Discover what's new"},upcomingFeaturesModal:{title:"Qualcosa bolle \u003Cbr class=\"wraps-on-mobile\"\u003E in pentola!",content:"Attenzione! Stiamo lavorando per te: \u003Cbr\u002F\u003E \u003Cstrong\u003EDA GIOVED 31 OTTOBRE \u003Cbr\u002F\u003E A DOMENICA 3 NOVEMBRE\u003C\u002Fstrong\u003E \u003Cbr\u002F\u003E compresi, non sar possibile effettuare ordini con consegna a domicilio, \u003Cbr\u002F\u003E mentre rimane attivo il ritiro in negozio. \u003Cbr\u002F\u003E\u003Cbr\u002F\u003E \u003Cstrong\u003EDA LUNED 4 NOVEMBRE\u003C\u002Fstrong\u003E \u003Cbr\u002F\u003E la spesa online torna con un servizio \u003Cbr\u002F\u003E di consegna completamente rinnovato \u003Cbr\u002F\u003E e migliorato. \u003Cbr\u002F\u003E Torna a trovarci presto!"},cmsForm:{success:"We have successfully received your request",errors:{alpha:"This field can't contain special characters",message:"This is not a valid message",maxLength:"You have reached the maximum number of characters",numeric:"This is not a valid number",phoneValidator:"This is not a valid phone number",email:uL,capValidator:"This is not a valid cap",timeValidator:"Invalid time format.",required:mX}},homePage:{newsletter:{emailLabel:"EMAIL ADDRESS",emailPlaceholder:uM,news:lZ,promo:"Promotions",events:"Events",magazine:c$,validMail:uL,requiredField:mX,extended:{newsTitle:"I would like to receive special offers, new products, and creative gifts:",storeListTitle:"And\u002For I would like to know about classes, events, and complimentary tastings in:",eatalyNewsCheckbox:mn,eatalyCaffeCheckbox:jr,signUpLabel:iy,subscribeSuccessTitle:"Thank you for subscribing to our newsletter!",subscribeSuccessDescription:"From now on, you will always be updated on our latest news, events and offers."}}},eniBanner:{disclaimMobile:"\u003Cstrong\u003ELa Scuola di Eataly\u003C\u002Fstrong\u003E\u003Cbr\u003E partners with ",disclaim:"\u003Cstrong\u003ELa Scuola di Eataly\u003C\u002Fstrong\u003E partners with "},passwordReset:{title:"Change your password",subTitle:"Enter a new password to log into your account",button:"Change",successMessage:tQ,errorMessage:"Sorry, this link is no longer valid. Please reset your password again. Thank you!"},loyaltyCard:{cardTitle:uN,creditTitle:uN,description:"Every day you can enjoy benefits, unique experiences, and exclusive promotions.",loyaltyCardRequest:"{loyaltyCardSubscribe}, it's free!",loyaltyCardSubscribe:"join Eataly Club",descriptionWithLoyalty:"Access the Reserved Area to update your profile, request a copy of the card and choose the topics of your interest.",cardn:"Card n.",inputLabel:"Do you already have the \u003Cstrong\u003EEataly Club\u003C\u002Fstrong\u003E? Enter the card code to connect it to your account.",inputPlaceholder:"CLIXXXXXXXX",submitText:"Connect",loyaltyCardLogin:mC,saveCardError:"Oops, an error occurred while saving your Eataly Club card. Please try again.",saveCardSuccess:"Your Eataly Club card was saved correctly!",removeCardError:"Oops, an error occurred while removing your Eataly Club card. Please try again.",removeCardSuccess:"Your Eataly Club card was removed correctly!",loyaltyCardInvalid:"Hint: CLIXXXXXXXX",loyaltyReminder:"With the card associated with this account, every day you can enjoy benefits, unique experiences, and exclusive promotions!",tooltip:{title:"Eataly Club format.",text:"Your Eataly Club code consists of 'CLI' followed by eight alphanumeric characters.",cta:"OK, I get it"}},eatalyCard:{errorCode:{CARD_SERVICE_UNAVAILABLE:"Sorry, an error occurred while checking this Eataly EGift Card.",CARD_NOT_FOUND:"Sorry, the code entered does not belong to any Eataly EGift Card.",CARD_ALREADY_ASSOCIATED:"This Eataly EGift Card is already associated to another account but you can still use it for this purchase.",WEBSITE_NOT_ALLOWED:"Sorry, you cannot use this Eataly EGift Card in the store you are visiting.",CARD_DISABLED:"Sorry, this Eataly EGift Card is disabled.",ZERO_BALANCE:"Sorry, there is no credit available on this Eataly EGift Card.",IS_PURCHASING_GIFTCARD:"Sorry, you cannot pay by Eataly EGift Card while purchasing an Eataly EGift Card.",RECHARGE_MAX_REACHED:"Sorry: the maximum credit allowed is {0}. It is not possible to proceed with this recharge."},checkBalance:{title:"Check the balance",subtitleGuest:"If you wish to check the balance of your E-Gift Card, please log into your personal account.",subtitleLogged:"If you'd like to check the credit left on your E-Gift Card, please enter the web code below and click on \"Check\".",inputLabel:mM,inputPlaceholder:"Your web code",buttonCheckBalance:"Check",currentBalance:"Your current balance:"},recharge:{title:"Recharge",subtitle:"Enter the web code of your card to recharge it.",inputLabel:mM,inputPlaceholder:"I.e. CDHQH354656",selectAmount:"Select an amount for charging:",find:"Where can I find the web code?",feedback:"Ricarica da {amount} aggiunta al carrello"}},support:{hubPageTitle:tu,faqs:uK,sendRequest:jJ,chat:"Chat",chatStatus:{online:"active",offline:"inactive",away:"away"},contacts:mg,searchTitle:"Search in the F.A.Q. by any keywords:",searchInputPlaceholder:"Search in the F.A.Q.",faqPageTitle:"F.A.Q. - Frequently asked questions",faqSearchResultsTitle:"The search \"{0}\" produced the following results:",faqSearchNoResults:"The search \"{0}\" did not return any results.",faqSearchGoHomeButton:"Return to main menu",faqArticleFeedbackTitle:"Was this content \u003Cstrong\u003Euseful\u003C\u002Fstrong\u003E to you?",faqArticleFeedbackUp:"Yes",faqArticleFeedbackDown:"No",faqArticleFeedbackSuccessMessage:"Thanks for your feedback.",formPageTitle:jJ,formDescription:"If you need further help, please fill out the form below.",formFaqStripText:"Have you already checked the \u003Cmark\u003E Frequently Asked Questions \u003C\u002Fmark\u003E?",formFaqBoxTitle:"Have you already checked the \u003Cstrong\u003E F.A.Q.? \u003C\u002Fstrong\u003E",formFaqBoxText:"You may find an answer in the \u003Cmark\u003E Frequently Asked Questions \u003C\u002Fmark\u003E.",form:{subjectLabel:uO,subjectPlaceholder:uO,firstnameLabel:jN,firstnamePlaceholder:"Your first name",lastnameLabel:ho,lastnamePlaceholder:"Your last name",emailLabel:fR,emailPlaceholder:uM,phoneLabel:"Telephone number",phonePlaceholder:"Your telephone number",orderIdLabel:"Order number (if available)",orderIdModalTitle:"Where do I find the order number?",orderIdModalText:"If you have been shopping online it can start with \"LMI-\", \"LRM-\", \"LTO-\", \"SIT-\", \"SGG-\", \"SEU-\" or \"SDE-\". For online orders placed in the store, no. order starts with \"#N\"",orderIdPlaceholder:"Your order number",deliveryShopLabel:tJ,deliveryShopPlaceholder:"Choose a Store",messageLabel:"Message",messagePlaceholder:ux,attachmentLabel:"Attach one or more files (Max {maxSize})",submit:"Send inquiry",sendRequestSuccessMessage:"Request sent successfully",sendRequestErrorMessage:"An error occurred while submitting your request, please try again later.",errorMessages:{requiredField:mT,invalidEmail:mS,selectOneOption:"Please select at least one of the options below",maxLength:uy,invalidPhone:mU,invalidOrderId:"Invalid order number",invalidIdentity:"Invalid field, characters not allowed",upload:{"2600":"File upload error. Try again.","2601":"Attachment too heavy. Try again.","2602":"Unsupported file format. Try again."}},topicLabel:"Topic",topicPlaceholder:"Select a topic",subtopicLabel:"Subtopic",subtopicPlaceholder:"Select a subtopic"}},sitemap:{title:"Sitemap"},eatalyVinoPage:{title:"You are now wandering \u003Cbr\u003E into the vineyeards of EatalyVino.com",subtitle:"You must be \u003Cstrong\u003E21\u003C\u002Fstrong\u003E to enter this website.",redirect:"Redirecting to \u003Cstrong\u003Ewebsite\u003C\u002Fstrong\u003E in \u003Cstrong\u003E{countdown}\u003C\u002Fstrong\u003E"},socialSharing:{shareThis:"Share this on"},cmsDocumentModal:{openDocumentError:"Sorry, an error occurred while opening the document"},productEventPolicy:{policyLink:"Please note our {cancellationPolicies}",cancellationPolicies:"new cancellation policies"},a11y:{backToTop:"Scroll to top",goNext:"Go next",goPrev:"Go to previous",goBack:"Return",zoom:"Zoom",closeDialog:"Close Dialog",expand:"Expand",collapse:"Collapse",nextPage:"Next page",previousPage:"Previous page",freeShipping:"Free shipping",moreInfo:uE,closeFilters:"Chiudi filtri",fourColumnsGridLayout:"Four Columns gallery view",threeColumnsGridLayout:"Three Columns gallery view",page:"Page",lastPage:"Last page",pagination:"Pagination"},here:"here",eventCatalog:{classesAndEvents:im,sortDefaultLabel:jL,dateAsc:"Date Ascending",dateDesc:"Date Descending",noResultsTitle:uP,noResultsSubtitle:uQ,noResultsErrorApiTitle:uP,noResultsErrorApiSubtitle:uQ,getTicket:"Get Ticket",soldOutEvent:mF,from:mW,eventDetails:{tab:{DESCRIPTION:mV,LOCATION:uG},available:"Available"}}}}}}}(false,true,null,"false",1,3,2,"Gifts",0,4,"Document","Gift Boxes","en-us","ltr",5,57,10001,"Shop our Products","Holiday Best Sellers","211","heading1",300,79,"paragraph","All Panettone",51,"Eataly Icons","Shop All Holiday Best Sellers","left","Any","Web",35.19,51.99,"heading2","Oil & Vinegar",186.99,53.99,"1","transparent","4","Panettone","product",12,"For the Chef",15.99,"status",11,"Italy","New Arrivals","","Best Sellers","simple","2147483647","price","name","meta_title","image","small_image","thumbnail","url_key","country_of_manufacture","mini","vendor","tech_masterdata_subcategory","description","weight","manufacturer","tax_class_id","unit_of_measurement","Mg==","1\u002F2","Mw==","1\u002F2\u002F3","NA==","1\u002F2\u002F3\u002F4",442,"NDQy","1\u002F2\u002F3\u002F442","IT","OMLOG","Omlog","Enabled",15,"meta_description",143,"MTQz","1\u002F2\u002F143",10,131.99,"net_weight","The Best of Eataly",52.99,12.99,19.99,14.49,81.49,"Button","3",39,"#fff","special_price","special_from_date","special_to_date",368,"MzY4","1\u002F2\u002F143\u002F368",452,"NDUy","1\u002F2\u002F3\u002F442\u002F452","Chocolate & Sweets",7,197.99,"Shop All Holiday Hosting","Holiday Hosting",37.99,19.59,35.99,32.79,"stores",164.99,6,274.99,175.99,"Chocolate Lovers",76.99,98.99,59.99,24.99,20.49,57.99,10.99,17.49,"YsMyQhUAADIAbEBX","stores_index","Stores Index","stores-index","2022-07-04T18:32:40+0000","2025-12-05T15:14:15+0000","page","shop_by_category","Stores",78,"39","Pasta Lovers","news_from_date","news_to_date","EatalyGrocery","NQ==","1\u002F2\u002F3\u002F4\u002F5",9,"All Gourmet Chocolate","Sweets & Snacks","store","Send a Gift",16,"Thoughtful Gifts",447,"NDQ3","1\u002F2\u002F3\u002F442\u002F447",28.97,"YsMyoxUAAC8AbEIN","magazine_index","magazine-index","2022-07-04T18:34:15+0000","2025-11-28T08:02:09+0000",8,"Pantry",14,144,"MTQ0","1\u002F2\u002F143\u002F368\u002F144",237,"Eataly","Holiday Sweets","12 Days of Eataly",1833,"Oz","Panettone & Pandoro","Eataly Caff  Icons","Gifts to Impress",335,"MzM1","1\u002F2\u002F3\u002F335","Spreads","2025-11-28T08:01:54+0000","heading3",13,"Dessert","Chocolate","Pasta","MTU=","1\u002F2\u002F3\u002F15","magazine_filtered","78","2","38",23,17,404,"NDA0","1\u002F2\u002F3\u002F388\u002F404","region_name","Pistachio Favorites","magazine","center","2025-09-29 00:00:00",18,"Holiday Desserts",408,"NDA4","1\u002F2\u002F143\u002F316\u002F408",332,"MzMy","1\u002F2\u002F3\u002F332","All Pasta","Magazine",149.59,43.99,388,"Mzg4","1\u002F2\u002F3\u002F388",417,"NDE3","1\u002F2\u002F3\u002F419\u002F417",419,"NDE5","1\u002F2\u002F3\u002F419",64.99,43.19,"99","Eataly Stores","442","Gifts Under $125","Under $125","Panettone Sale",28,"em","24","52","368","2094","AVATAX_CODE_PG081610",1836,"Unit","For the Home",69,25,36,"Oils","article_paragraph","143",void 0,280,"419","location","product_notes",77,"Nzc=","1\u002F2\u002F77",377,"Mzc3","1\u002F2\u002F143\u002F368\u002F377",443,"NDQz","1\u002F2\u002F3\u002F442\u002F443","GENERAL","EatalyGiftBox","Olive Oil & Vinegar","Njk=","1\u002F2\u002F3\u002F69",20,"event_label",99,"OTk=","1\u002F2\u002F3\u002F99",316,"MzE2","1\u002F2\u002F143\u002F316","Pasta & Pesto Sauces","Pasta & Sauces","recipes","About Eataly","Restaurants","Nw==","1\u002F2\u002F3\u002F4\u002F7","MTE=","1\u002F2\u002F3\u002F4\u002F11","Products in this gift box are fixed and are not able to be changed","Nzg=","1\u002F2\u002F3\u002F78",145,"MTQ1","1\u002F2\u002F143\u002F145",379,439,"NDM5","1\u002F2\u002F143\u002F439","best_seller","2025-11-07 00:00:00",24,"2025-12-05 17:57:08",412,"NDEy","1\u002F2\u002F3\u002F4\u002F412",449,"NDQ5","1\u002F2\u002F3\u002F442\u002F449","PANETTONE","2025-12-05 00:00:00","2025-12-08 00:00:00","Pandoro",359,"MzU5","1\u002F2\u002F3\u002F359","Vinegars",30,"AVATAX_CODE_PF050002","Y45N9RIAACoAw5IN","culture","2022-12-05T20:00:56+0000","2024-11-19T19:26:26+0000","culture-and-tradition","recipe_filtered","69","8","41","_blank","81","388","316","Private Dining",378,"Mzc4","1\u002F2\u002F143\u002F368\u002F378",29,10000,"Mzc5","1\u002F2\u002F143\u002F379",26,37,22,423,"NDIz","1\u002F2\u002F3\u002F419\u002F423","AVATAX_CODE_PF051554","Chocolate Panettone","Eataly Panettone & Pandoro",61,"Mother's Day","Sweet Spreads","First Course",44,665,360,"image_no_ratio","footer_column_block","King of Prussia","chicago","boston","dallas","aventura","EATALY MAGAZINE","22","142","379","332","Wine Shop","Email","Processing","On hold",158.39,105.59,219.99,140.79,375,"Mzc1","1\u002F2\u002F143\u002F368\u002F375",405,"NDA1","1\u002F2\u002F3\u002F4\u002F405",38,61.59,79.19,47.99,406,"NDA2","1\u002F2\u002F3\u002F4\u002F406",152,"MTUy","1\u002F2\u002F3\u002F99\u002F152",19,47.49,390,"Mzkw","1\u002F2\u002F3\u002F388\u002F390",24.49,44.99,367,"MzY3","1\u002F2\u002F143\u002F316\u002F367",40.99,"Kitchen & Home",45,"Easter",341,"MzQx","1\u002F2\u002F3\u002F8\u002F341",448,"NDQ4","1\u002F2\u002F3\u002F442\u002F448",16.39,10006,24.39,30.49,"Truffles","Coffee & Tea","Coffee",46.39,8.79,13.99,"White","magazine_article","Chicago","Boston","Los Angeles","Las Vegas","Dallas","Silicon Valley","Short Hills","YtBCeBIAACkAWVdR","eatalyworld_index","eatalyworld-index","2022-07-14T16:21:35+0000","2023-03-30T16:09:31+0000","about-eataly","About Eataly    ","100","122","305","394","Catering",400,"Center","adaptive","eataly.com","Show all","Last name","2025-08-28 00:00:00","2025-05-22 00:00:00",27,370,"Mzcw","1\u002F2\u002F143\u002F368\u002F370","Valentine's Day",413,"NDEz","1\u002F2\u002F143\u002F379\u002F413",356,"MzU2","1\u002F2\u002F3\u002F4\u002F356",376,"Mzc2","1\u002F2\u002F143\u002F368\u002F376",394,"Mzk0","1\u002F2\u002F3\u002F394",49,336,"MzM2","1\u002F2\u002F336",364,"18","Classic","Pistachio Panettone","Pistachio","Stocking Stuffers",47,"Bakery","Eataly Chocolate & Spreads","Sale-tember","Antipasto","Bold","Cooking Staples",40,"Sale-a-brate",450,"hyperlink","product_cards","Y4jV6BIAACwAq6ao","2022-12-01T16:27:23+0000","2023-01-31T17:27:12+0000","Mulled wine","West Palm Beach","card","us_en","21","141","351","Classes & Events","order_issues","general_questions","new_york_flatiron","new_york_downtown","los_angeles","las_vegas","silicon_valley","nyc_soho","short_hills","king_of_prussia","Proceed","Sign up","ZIP code","With Eatinerari","2023-10-04 13:32:56","OQ==","1\u002F2\u002F3\u002F4\u002F9",-1,"2025-10-08 00:00:00","2025-11-08 00:00:00",42,35,369,"MzY5","1\u002F2\u002F143\u002F368\u002F369","--white","--white-two",9990,411,"NDEx","1\u002F2\u002F3\u002F394\u002F411",31,"OA==","1\u002F2\u002F3\u002F8",81,"VINEGAR",355,"MzU1","1\u002F2\u002F3\u002F351\u002F355","2025-09-30 21:41:06","directions","Organic",89,"ODk=","1\u002F2\u002F3\u002F78\u002F89",52,1834,"Fl Oz","Drinkware","NDUw","1\u002F2\u002F3\u002F442\u002F450","ZVeipxIAACsAa_M4","index,follow","https:\u002F\u002Fwww.eataly.com\u002Fus_en\u002Fgo-to-eatalyvino","Y_TiNRIAACwAakMw","116","115","Aventura","Eataly Caff","Back to main menu",975,"Before Category Listing","Bottom - before cta","rectangular","Top","content",970,472,"https:\u002F\u002Fwww.eataly.com\u002F","order_status","gifting_service","in-store_assistance","classes_and_event","dining","general_information","https:\u002F\u002Fwww.eataly.com","Send a request","Confirm","Date","Email address","First name","Verification in progress","Delete","Edit",9999,"MTI=","1\u002F2\u002F3\u002F4\u002F12",85,"2025-05-27 00:00:00",80,9998,-2,10018,"All Valentine's Day Items",34,"Olives, Pickles, & Peppers",389,-3,"900332","35.2","Bonifanti",-10,"MzY0","1\u002F2\u002F143\u002F316\u002F364","All Sale Items","1167185",9985,"1162996","2024-10-07 19:24:16","Classic Panettone",403,"NDAz","1\u002F2\u002F3\u002F388\u002F403",454,"NDU0","1\u002F2\u002F3\u002F332\u002F454",329,"MzI5","1\u002F2\u002F143\u002F329",53,433,"NDMz","1\u002F2\u002F3\u002F99\u002F433","1162993","private_label","Is Private Label?","31",9996,41,"Candles & Fragrances",142,"MTQy","1\u002F2\u002F142",301,"MzAx","1\u002F2\u002F3\u002F301","Eataly Pasta","DRY PASTA","2100","Eataly Oils & Vinegars","Hazelnut Chocolate","Sweets & Chocolate",453,"NDUz","1\u002F2\u002F3\u002F442\u002F453","2025-07-14 00:00:00","2025-07-31 00:00:00","Tomatoes","Pasta Sauce",424,"NDI0","1\u002F2\u002F3\u002F419\u002F424","Preserves",2003,"Sicilia","olive_type",71,362,"MzYy","1\u002F2\u002F3\u002F69\u002F362",420,"2098","Intense & Grassy",128,"Sale Oil & Vinegar",10010,"Truffles & Caviar","Espresso","Tools","Pantry to Impress","Afeltra","Christmas in Italy: Food and Traditions",485,262,581,314,"Y45NABIAAC0Aw43E","cocktails","2022-12-05T19:57:01+0000","2023-01-31T17:31:31+0000","cocktail-ideas","Y45PTRIAAC4Aw5gl","guides","2022-12-05T20:06:40+0000","2024-11-19T19:54:20+0000","how-to",500,-42,"15","nationwide-shipping\u002Fbest-sellers","Caviar","NYC SoHo","Y0Rf4BIAAC4A6v9r","corporate-concierge-services-by-eataly","2022-10-10T18:09:39+0000","2025-11-04T19:28:59+0000","corporate-gifting","new-york-city","eataly-caffe","2022-07-13T08:14:30+0000","News","SHOP NOW",.5932203389830508,"PRIVATE DINING & EVENTS","385","Cookies","Honey","Eataly E-Gift Card","Restaurant","Contacts","Homepage","https:\u002F\u002Fwww.eataly.com\u002Fus_en\u002Fnationwide-shipping\u002Fholiday-best-sellers","content-width","banner","ce605673-776f-4aaa-894c-833a2ef0ae78","US","Eataly.com","corporate_gifting","eataly_caffe","\u002Fus_en","\u002F","Cart","Checkout","Continue shopping","Category","Price","Region","Create new wishlist","Wishlists","Producer","example@youremail.com","Sign in","Code","items","Sold out","Payment methods","Newsletter subscription","Shipping address","Billing address","Online credit","Subtotal","Web code","Pickup in store","Shipping methods","Standard delivery","Country","City","Invalid email","Required field","Invalid phone number","Description","From","This field is required","18241","1167652","18239",10002,"1167650","18242","1163984",9936,141,"MTQx","1\u002F2\u002F141","21424",320,"2025-10-01 00:00:00","18237",9997,"2025-10-23 00:00:00","2025-11-22 00:00:00","1167651","18121","2023-09-15 17:07:18",10019,62,"Enjoy authentic Italian panettone  a festive holiday cake made with artisanal care, rich flavors, and tradition. Perfect for Christmas, gifting, and celebrations. Shop Italian Panettoni at Eataly.com!",112,"1167161","2025-09-11 14:23:54","26","18483",66,"true",1819,"Umbria",97,"21425",33,"Mzg5","1\u002F2\u002F3\u002F388\u002F389",428,"NDI4","1\u002F2\u002F3\u002F388\u002F428",1812,"Lombardia","18125","30",59,365,"MzY1","1\u002F2\u002F143\u002F316\u002F365",391,"Mzkx","1\u002F2\u002F3\u002F388\u002F391",4.06,"1164120","NDE=","1\u002F2\u002F3\u002F41",-4,431,"NDMx","1\u002F2\u002F3\u002F431","EatalyHousewares","1165144",10015,"Father's Day","17.6","AVATAX_CODE_PF050001",2001,"Toscana","1161873",74,"NzQ=","1\u002F2\u002F3\u002F69\u002F74","2108","1162515",9979,104,-5,111,"MTEx","1\u002F2\u002F3\u002F99\u002F111",351,"MzUx","1\u002F2\u002F3\u002F351",435,"NDM1","1\u002F2\u002F3\u002F332\u002F435","SWEET SPREADS","2106",21,"14802",67,133,"MTMz","1\u002F2\u002F133",421,"NDIx","1\u002F2\u002F3\u002F419\u002F421","2101","14894","2025-06-30 00:00:00","15170","2025-08-06 14:47:45","NzE=","1\u002F2\u002F3\u002F69\u002F71","NDIw","1\u002F2\u002F3\u002F419\u002F420","OIL","16.9","15220","508","flavor","Sale-tember - Monthly Sale Items","8.5","518",10011,"TRUFFLES","Urbani","565","dimensions","material","color","Beverages","Mzg=","1\u002F2\u002F3\u002F38","Mzk=","1\u002F2\u002F3\u002F38\u002F39","MTI4","1\u002F2\u002F128","610",43,"OLIVE OIL","666","cooking_time","\u003Cp\u003EUse 6 quarts of water for every 1 lb of pasta. Bring water to a boil. Add sea salt to taste. Add pasta to boiling water. Stir from time to time. Drain, reserving about 1 cup of the cooking water. Transfer the pasta to the pan where you have your sauce. Toss vigorously over medium heat until combined, about 2 minutes. If the pasta looks dry, add a small amount of the cooking water, and toss until it looks moist. Garnish with cheese and serve immediately.\u003C\u002Fp\u003E",1907,1824,"Campania","674","christmas-italy-food-traditions","In the spirit of the season, Italy becomes alive as it celebrates the holidays. Cities and villages alike are strung with twinkling lights, bustling with holiday markets, and  most exciting for us  filled with delicious food and drink.",900,.7388888888888889,"aIzRT6Tt2nPbZqBL","de31e750-5f37-463b-8e9c-a36b64891ddc","a7b0974a-6509-4909-8972-547a1418a4ed","mulled-wine-vin-brule","Vin Brul (Mulled Wine) Recipe",165,750,"Y_ThwhIAALRJakEc",.8866666666666667,"a5e4e8e5-f017-4480-a272-4db2bc0a71aa","5a1f2782-07d7-43ef-b808-d637f616e2da","504cdb70-cbe5-484b-8674-76d639413ff6","italian-new-year-traditions","New Year's Eve Traditions","ZRM_KhIAACkA-xo-",310,334,"2023-02-15T16:52:15+0000","e330a6f9-3457-4277-8e48-3ceb25490f52","39f80471-6acb-4564-816d-1cd8a20a4dcc","Italian New Year's Eve Traditions","ZWI2HREAACcAIX0N","nationwide-shipping","nationwide-shipping\u002Fgifts","nationwide-shipping\u002Fpantry","nationwide-shipping\u002Fpasta","nationwide-shipping\u002Fsweets","nationwide-shipping\u002Fcoffee-and-tea","nationwide-shipping\u002Fmeats","Meat","65","nationwide-shipping\u002Ftruffles","66","nationwide-shipping\u002Fcaviar","67","nationwide-shipping\u002Forganic-foods","68","nationwide-shipping\u002Fgluten-free-foods","Gluten-Free","nationwide-shipping\u002Fitalian-home-goods","CLASSES & EVENTS","https:\u002F\u002Fwww.eataly.com\u002Fus_en\u002Fclasses-and-events","NYC Flatiron","NYC Downtown","https:\u002F\u002Fwww.eataly.com\u002Fus_en\u002Fclasses-and-events\u002Fnyc-soho","https:\u002F\u002Fwww.eataly.com\u002Fus_en\u002Fclasses-and-events\u002Fshort-hills","https:\u002F\u002Fwww.eataly.com\u002Fus_en\u002Fclasses-and-events\u002Faventura","https:\u002F\u002Fwww.eataly.com\u002Fus_en\u002Fclasses-and-events\u002Fking-prussia","https:\u002F\u002Fwww.eataly.com\u002Fus_en\u002Fclasses-and-events\u002Fwest-palm-beach","aC4zphoAAEIA2ssj","private-dining--experiences","2025-05-21T20:50:47+0000","2025-12-02T17:45:29+0000","private-dining-experiences","Corporate Gifting","ZBMsDBYAADEAVJT3","eataly-in-new-york-city","2023-03-16T14:47:43+0000","New York City","Yt7dwREAACoAjSav","store-homepage-eataly-chicago","2022-07-25T18:20:39+0000","5365b25b-261b-4c4e-ab38-b7e0efe435c6","Yt7fPREAACgAjS1X","store-homepage-eataly-boston","2022-07-25T18:26:19+0000","2025-11-25T16:15:04+0000","883a3775-5f3c-42ae-91c4-890098b490a0","Yt7gdREAAC4AjTLZ","store-homepage-los-angeles","2022-07-25T18:32:14+0000","los-angeles","84eea575-ea30-4c61-9b54-a62d11bc6350","Yt7omBEAACgAjVfO","store-homepage-las-vegas","2022-07-25T19:03:53+0000","2025-12-02T19:22:22+0000","las-vegas","720ca3b9-be4a-41fc-a565-7357046d0091","Yt7h1xEAACgAjTkK","store-homepage-dallas","2022-07-25T18:40:40+0000","07f30cf9-0bc7-4b47-bc28-a80b87d33598","Yt7lKREAAC0AjUfX","store-homepage-silicon-valley","2022-07-25T18:59:29+0000","silicon-valley","197376fa-4fbf-4c2f-b1cc-43002989c568","ZcFRlBIAACgAYXl1","store-homepage-short-hills","2024-03-27T19:31:56+0000","short-hills","0d38bf72-a0eb-444c-97ee-a49ee11862cd","ZdOblhEAACwA1dEF","store-homepage-aventura","2024-07-18T18:31:10+0000","066fe9c3-f417-4ca5-a2fd-9764f752cfac","Eataly Aventura","ZyuEVBoAAEAA42r8","store-homepage-king-of-prussia","2024-11-06T15:00:22+0000","king-prussia","fb4535c0-5ae7-4cf6-bf00-170cc816c663","Z3Q0bBoAAEoAhYk1","store-homepage-west-palm-beach","2024-12-31T18:17:07+0000","2025-12-05T15:24:41+0000","west-palm-beach","29eb515b-94c5-4d4d-a573-50668280db21","Manifesto","https:\u002F\u002Fcareers.eataly.com","eataly-restaurants","Our Partners","Recipes","Culture","Guides","regions","Regions","https:\u002F\u002Fwww.eataly.com\u002Fus_en\u002Fsupport","Terms & Conditions","privacy-policy","Privacy Policy","eataly-caffe-privacy-policies","Eataly Caff Privacy Policies","Privacy Policy for California Residents","2025-06-26T19:35:33+0000","Privacy Policy for Nebraska Residents","2025-06-26T19:43:59+0000","Privacy Policy for Texas Residents","eataly-ambassador-rewards-terms-of-use","Product Recalls & Alerts","long_banner","1162995","1162988","1165734","1163012","https:\u002F\u002Fwww.eataly.com\u002Fus_en\u002Fgifts-holiday-collection\u002Fpanettone\u002Fgifts-all-panettone","https:\u002F\u002Fshop.eataly.com\u002Fstore\u002Feataly\u002Fstorefront","https:\u002F\u002Feataly.olo.com\u002F","5","nationwide-shipping\u002Fgifts\u002Fgift-boxes","90","Cookies & Biscotti","Boxed Chocolates","404","nationwide-shipping\u002Fpanettone-italian-desserts\u002Fall-panettone","Serveware","Chocolate Bars","Coffee Lovers","editorial:0:0","editorial:0:1","editorial:0:2","editorial:0:3","Wine Delivery","stores\u002Fchicago\u002Frestaurants","stores\u002Fboston\u002Frestaurants","stores\u002Flos-angeles\u002Frestaurants","stores\u002Flas-vegas\u002Frestaurants","stores\u002Fdallas\u002Frestaurants","stores\u002Fsilicon-valley\u002Frestaurants","stores\u002Fshort-hills\u002Frestaurants","stores\u002Faventura\u002Frestaurants","stores\u002Fking-prussia\u002Frestaurants","stores\u002Fwest-palm-beach\u002Frestaurants","Book a Table","contacts","homepage","aSYg1mGnmrmGqTrm",1.0000000000000002,"#FF0000","https:\u002F\u002Fwww.eataly.com\u002Fus_en\u002Fnationwide-shipping\u002Fpanettone-italian-desserts","BEST SELLERS","https:\u002F\u002Fwww.eataly.com\u002Fus_en\u002Fnationwide-shipping\u002Fbest-sellers","CAVIAR","SWEETS","MEAT","ORGANIC","GLUTEN FREE","HOME & LIFESTYLE","store_carousel","cols2","standard","GET THE APP","Centered","Rectangular","line-by-line","linked_image_boxes","aS9LvHNYClf9nuLi",960,1080,"aQJTdLpReVYa3zqI","EXPLORE YOUR STORE","Left","text_column",1230,250,"aNvpZ55xUNkB1R3G",384,"MSC Eataly Banner","aB5wzSdWJ-7kR2pf","USD","https:\u002F\u002Fwww.eataly.com\u002Fstatic\u002Fversion1761210296\u002F","https:\u002F\u002Fwww.eataly.com\u002Fmedia\u002F",14.9,"app","production","Help center","Continue","Remove","or","Logout","View less","minutes","Start shopping","Cancel","Customer service","Filters","New wishlist","Name","Relevance","Page not found","Store","Password","Mypassword123!","Forgot your password?","Confirm password","New password","Change password","Password changed successfully!","Your cart","total","Replacement options","Add","Out of stock","Empty cart","Account","Orders","Shopping settings","Saved addresses","New address","Complete","Cash on delivery","Order n.","Total","Tax","Rename","Rename wishlist","Update","Card web code","New Eataly EGift Card","Save","Appointment delivery","Floor delivery","Scheduled delivery","2-7 business days","Eataly Club vouchers","Gift options","Gift wrapping","Gift message","Phone number","exp.","Free","Name of the recipient","Your message","This field cannot exceed {maxlength} characters","First Name","Telephone","Address","Save in address book","Full address","More informations","Label","Location","origin","type","Phone:","Frequently asked questions","This is not a valid email","Your email","Eataly Club","Subject","There are no planned classes or events here yet!","Don't panic! Plenty of other events are waiting for you."));</script><script src="/_nuxt/a474899.js" defer></script><script src="/_nuxt/9de39af.js" defer></script><script src="/_nuxt/300fe90.js" defer></script><script src="/_nuxt/2beb3ce.js" defer></script><script src="/_nuxt/07732f7.js" defer></script><script src="/_nuxt/5966d08.js" defer></script><script src="/_nuxt/7c13ed9.js" defer></script>
  <script defer src="https://static.cloudflareinsights.com/beacon.min.js/vcd15cbe7772f49c399c6a5babf22c1241717689176015" integrity="sha512-ZpsOmlRQV6y907TI0dKBHq9Md29nnaEIPlkf84rnaERnq6zvWvPUqr2ft8M1aS28oN72PdrCzSjY4U6VaAw1EQ==" data-cf-beacon='{"version":"2024.11.0","token":"41979b35711745fda36fb769568bf8fb","r":1,"server_timing":{"name":{"cfCacheStatus":true,"cfEdge":true,"cfExtPri":true,"cfL4":true,"cfOrigin":true,"cfSpeedBrain":true},"location_startswith":null}}' crossorigin="anonymous"></script>
</body>
</html>
